3148 5108
650 455 850 522 ..35-

266 650 416 716 Iamiam
451 656 670 717 transeamus
706 653 750 717 ad
781 658 915 719 ceteras
946 652 1096 738 formas,
1132 676 1222 739 quae
1253 654 1335 721 huic

160 756 359 823 simillimae
398 763 489 822 sunt.
544 758 673 823 Forma
708 758 746 823 11
759 760 784 846 ¹)
819 759 924 847 paulo
961 759 1101 826 uberior
1139 768 1191 826 ast
1230 783 1336 848 quam

160 863 275 929 forma
298 863 333 946 I;
365 870 489 929 auctor
519 864 613 929 enim
636 865 807 930 nonnulla
835 888 879 931 ex
902 866 1046 932 libidine
1071 867 1216 952 addidit,
1245 889 1335 954 quae

160 991 274 1058 neque
302 969 339 1034 in
370 970 563 1058 archetypo
593 993 707 1057 neque
737 971 774 1035 in
804 972 919 1037 forma
950 973 969 1037 I
998 972 1173 1060 leguntur.
1219 974 1263 1039 In
1293 974 1336 1040 iis

161 1083 291 1161 autem,
322 1099 412 1163 quae
441 1077 635 1165 archetypo
659 1079 882 1165 respondent,
914 1085 1037 1145 auctor
1068 1079 1171 1146 huius
1201 1079 1335 1146 formae

161 1183 307 1271 propius
332 1184 377 1249 ad
400 1189 537 1250 textum
556 1183 755 1250 Parisinum
779 1185 915 1250 accedit
931 1208 1035 1272 quam
1051 1187 1187 1252 formae
1204 1187 1231 1271 I,
1256 1209 1335 1253 cum

161 1289 308 1376 singolis
339 1296 566 1379 peccatorum
595 1290 782 1377 generibus
813 1291 955 1379 propria
990 1292 1233 1359 adscribantur
1265 1301 1335 1360 tor·

161 1402 290 1464 menta.
326 1396 444 1482 Atque
465 1396 534 1463 hac
557 1397 593 1462 in
617 1419 655 1462 re
671 1398 857 1464 tractanda
875 1404 999 1464 auctor
1015 1400 1164 1464 eundem
1180 1400 1336 1466 servavit

162 1503 320 1569 ordinem
344 1525 386 1568 ac
409 1503 599 1588 Parisinus,
623 1503 691 1570 nisi
714 1505 808 1590 quod
830 1504 1022 1570 nonnullae
1045 1512 1164 1593 partes
1188 1506 1335 1573 omissae

161 1615 253 1675 aunt.
300 1608 400 1675 Finis
423 1609 526 1676 huius
549 1611 684 1676 formae
709 1611 884 1677 consentit
908 1634 988 1677 cum
1011 1612 1126 1678 forma
1150 1612 1178 1681 I.

268 1716 397 1782 Forma
420 1717 514 1805 111¹)
538 1716 787 1804 comprobatur
809 1724 957 1804 partem,
990 1740 1059 1804 qua
1083 1718 1178 1785 Deus
1209 1719 1335 1786 animis

162 1821 278 1910 impiis
318 1822 410 1888 diem
446 1823 661 1889 dominicum
695 1824 739 1889 ad
774 1824 927 1910 quietem
962 1824 1126 1891 tribuisse
1160 1832 1335 1911 narratur,

164 1950 285 1994 ansam
310 1927 444 1995 dedisse
468 1930 513 1995 ad
529 1929 593 1996 hos
609 1928 716 1996 libros
732 1931 1010 2016 conscribendos,
1035 1932 1127 2017 quod
1143 1932 1214 1997 iam
1230 1954 1335 2020 supra

163 2035 402 2102 demonstrare
426 2036 545 2102 studui
552 2059 559 2120 ;
591 2036 629 2101 in
659 2035 760 2104 initio
792 2036 885 2102 enim
909 2037 1011 2102 huius
1034 2037 1170 2103 formae
1201 2038 1335 2125 quaeri-

162 2148 230 2227 tur,
255 2143 353 2210 ouius
369 2142 529 2230 precibus
553 2150 748 2210 commotus
764 2143 859 2209 Deus
875 2142 943 2209 hoc
959 2144 1172 2210 beneficium
1196 2145 1233 2209 in
1256 2145 1335 2210 illas

163 2249 352 2315 contulerit
376 2250 521 2316 animas.
559 2251 655 2330 Quae
672 2249 797 2315 deinde
821 2258 1041 2335 enarrantur,
1065 2250 1116 2316 ita
1134 2251 1340 2339 conspirant

164 2377 244 2421 cum
277 2355 393 2423 forma
423 2357 470 2442 Π,
505 2363 546 2422 ut
577 2364 613 2422 et
647 2379 700 2441 ea,
736 2378 825 2444 quae
859 2378 932 2422 non
966 2379 1010 2421 ex
1044 2356 1136 2423 libro
1171 2357 1338 2445 primario

164 2463 355 2548 fluxerunt,
387 2470 423 2529 et
446 2485 535 2549 quae
559 2484 603 2529 ex
626 2463 687 2529 illo
711 2469 813 2529 textu
835 2461 963 2528 hausta
987 2470 1079 2548 sunt,
1112 2465 1235 2530 eodem
1265 2464 1340 2530 fere

163 2569 266 2637 modo
302 2569 554 2637 describantur.
601 2570 696 2635 Ante
731 2569 991 2636 conclusionem
1021 2592 1104 2636 vero
1135 2593 1229 2637 nova
1259 2595 1340 2658 pars

163 2675 246 2742 huic
264 2677 400 2743 formae
417 2677 548 2743 inserta
565 2683 627 2761 est,
653 2699 722 2765 qua
739 2675 908 2742 iudicium
925 2676 967 2740 de
985 2675 1102 2742 anima
1119 2677 1212 2743 iusta
1234 2684 1340 2763 atque

164 2783 273 2872 impia
297 2783 433 2849 factum
459 2783 696 2871 perscribitur,
722 2805 812 2869 quae
835 2783 992 2849 narratio
1016 2805 1060 2848 ex
1083 2783 1199 2871 priore
1222 2783 1341 2849 arche-

165 2889 245 2978 typi
261 2897 362 2978 parte
387 2896 566 2978 assumpta
590 2896 652 2956 est.
689 2888 875 2956 Conclusio
892 2889 1051 2975 denique,
1076 2896 1341 2978 propterquam

165 2996 232 3063 hae
263 2997 399 3064 formae
435 2997 655 3086 conscriptae
683 3003 775 3080 sunt,
808 2994 875 3062 hoc
904 2995 941 3060 in
970 2995 1061 3062 libro
1092 2995 1204 3063 fusius
1236 3002 1341 3084 atque

166 3103 342 3191 copiosius
367 3104 548 3192 peragitur
571 3125 677 3193 quam
700 3103 873 3168 informa
897 3102 916 3167 Ι
940 3109 976 3167 et
998 3102 1046 3168 H.

273 3210 425 3277 Textum
455 3211 590 3277 formae
620 3209 673 3276 IV
703 3209 915 3276 Brandesius
946 3232 1027 3297 pag.
1059 3211 1100 3276 75
1116 3233 1190 3298 sqq.
1222 3209 1341 3278 edidit.

168 3318 315 3384 Praesto
345 3317 377 3382 ei
406 3319 551 3384 fuerunt
582 3317 656 3383 cod.
682 3316 831 3384 Vindob.
862 3316 945 3400 876,
977 3314 1097 3384 Addit.
1135 3339 1197 3382 ms.
1222 3317 1342 3401 26770,

168 3425 243 3490 cod.
274 3424 372 3493 Harl.
403 3425 509 3507 2851;
546 3446 666 3492 omnes
697 3423 735 3487 hi
765 3421 845 3488 libri
869 3443 958 3488 saec.
983 3422 1073 3490 XIV
1097 3430 1179 3488 sunt
1210 3423 1341 3510 scripti.

168 3532 266 3596 Haeo
289 3531 404 3597 forma
426 3531 528 3616 ,hisce
560 3530 688 3617 incipit
709 3528 879 3615 ¹verbis³):
912 3527 1015 3615 ,Dies
1046 3529 1240 3595 dominicus
1271 3529 1344 3594 dies

171 3649 224 3704 est
248 3638 389 3723 electus,
424 3638 462 3703 in
492 3659 561 3723 quo
593 3637 750 3724 gaudent
783 3635 901 3723 angeli
931 3642 967 3700 et
998 3635 1201 3722 archangeli
1233 3635 1344 3701 maior

173 3744 294 3811 diebus
319 3745 474 3811 ceteris.“
511 3743 648 3809 Deinde
672 3744 794 3809 eadem
810 3740 967 3827 sequitur
983 3741 1214 3828 interrogatio
1239 3748 1344 3828 atque

174 3853 212 3917 in
235 3851 336 3918 initio
360 3851 496 3918 formae
518 3850 593 3917 IH:
623 3872 684 3915 cur
708 3849 775 3915 hoc
799 3848 854 3914 die
879 3847 1004 3913 animis
1027 3847 1143 3935 impiis
1159 3849 1271 3935 -quies
1300 3848 1345 3913 sit

170 3958 313 4025 tributa.
353 3959 432 4024 Hae
455 3957 493 4022 in
516 3957 631 4023 forma
654 3957 756 4043 plura
781 3954 1018 4039 inveniuntur,
1043 3976 1132 4041 quae
1156 3953 1201 4019 ab
1226 3953 1344 4019 arche-

169 4072 257 4154 typo
282 4065 396 4132 aliena
420 4071 512 4149 sunt,
543 4084 649 4151 quam
680 4061 783 4128 iniis
807 4061 939 4146 formis,
971 4083 1058 4149 quas
1080 4061 1184 4126 modo
1215 4065 1345 4125 tracta-

278 4226 304 4296 1)
324 4224 362 4280 cf.
380 4223 560 4279 Brandes
578 4222 599 4276 1.
617 4221 637 4275 l.
655 4238 723 4293 pag.
743 4221 778 4275 25
791 4237 855 4287 sqq.

277 4315 304 4382 2)
323 4313 362 4370 cf.
380 4312 555 4369 Brandes
574 4311 593 4364 l.
611 4310 631 4367 l.
650 4327 717 4382 pag.
737 4309 772 4363 29
785 4325 848 4375 sqq.

277 4405 306 4474 3)
326 4402 364 4460 cf.
383 4401 559 4458 Brandes
578 4400 598 4454 l.
616 4399 636 4453 l.
655 4415 722 4474 pag.
742 4399 785 4454 75.
