3148 5108
620 452 814 518 ..17-

132 649 200 735 ,Et
222 647 349 714 iterum
366 647 449 714 tulit
471 669 526 713 me
549 647 641 713 iusta
666 647 801 712 flumen
823 646 890 712 olei
914 647 1090 729 aborea1)
1115 645 1300 711 civitatis.“

129 752 277 821 Accedit
293 754 442 843 denique
463 753 585 820 similis
600 752 698 819 locus
714 753 751 817 in
774 775 851 840 cap.
869 751 1011 837 XXXI,
1032 751 1091 817 ubi
1107 751 1143 816 in
1166 751 1301 818 Graeco
1373 745 1376 750 ’

129 862 217 927 haec
239 860 451 927 invenimus:
480 862 536 926 καὶ
563 849 635 948 ἦρέν
663 884 704 943 με
732 857 774 925 ἐκ
801 858 964 943 δυσμῶν
991 851 1093 946 ἡλίου.
1139 858 1183 923 In
1212 859 1301 945 Syro

130 974 248 1033 autem
290 973 431 1033 exstant
469 967 611 1053 haeo²):
654 966 756 1052 ,Und
795 987 833 1030 er
866 964 985 1030 fiihrte
1025 965 1119 1029 mich
1158 987 1302 1051 gagen

131 1074 571 1160 Sonncnuntergang
616 1073 711 1155 hin“‚
760 1072 966 1160 quibuscum
1005 1070 1156 1137 Parisini
1194 1072 1302 1137 verba

130 1180 363 1265 consentiunt,
387 1182 480 1246 unde
498 1181 705 1246 concludere
724 1180 808 1245 licet
825 1179 997 1245 Graecam
1015 1179 1204 1246 lectionem
1228 1201 1302 1245 esse

129 1287 265 1352 falsam.
312 1287 380 1352 Hic
412 1293 529 1353 autem
561 1308 657 1353 error
687 1287 793 1352 facile
817 1285 1024 1375 explicatur,
1053 1286 1083 1351 si
1107 1285 1302 1352 considera·

129 1416 205 1459 mus
230 1402 408 1460 auctorem
437 1393 541 1460 huius
571 1393 653 1459 libri
676 1417 760 1482 prae
788 1416 823 1459 se
847 1392 1008 1459 habuisse
1032 1399 1168 1458 textum
1192 1392 1301 1479 pleni-

130 1523 234 1586 orem,
259 1502 296 1566 in
313 1524 381 1589 quo
397 1501 524 1586 legerit
540 1508 575 1567 et
591 1501 683 1567 unde
705 1509 741 1566 et
762 1523 830 1588 quo
848 1477 1027 1588 apostolus
1044 1501 1089 1567 ab
1106 1499 1232 1587 angelo
1257 1500 1302 1566 sit

130 1608 271 1691 ductus,
297 1630 400 1696 quem
415 1613 552 1672 textum
576 1613 717 1672 mutans
742 1613 847 1692 atque
871 1605 908 1670 in
933 1606 1072 1672 brevius
1090 1606 1301 1673 contrahens

129 1714 193 1779 has
223 1714 312 1780 caeli
343 1712 503 1800 regiones
536 1713 706 1779 confudit.
753 1713 806 1777 Re
842 1735 926 1778 vera
958 1713 1133 1778 Graecum
1164 1720 1301 1779 textum

129 1843 202 1885 esse
225 1826 400 1886 mutatum
422 1821 515 1886 clare
536 1820 688 1886 sentitur
702 1842 746 1884 ex
761 1819 884 1906 primis
902 1818 1018 1885 verbis
1043 1841 1118 1906 cap.
1136 1818 1300 1886 XXVII:

128 1928 182 1992 καὶ
214 1916 286 2015 ἧρέν
315 1952 358 2012 με
387 1926 487 1993 πάλιν
519 1921 536 1992 ὃ
570 1921 703 2013 ἅγγελος
738 1925 773 2004 ἐξ
804 1919 968 2014 ἅμφηλίου
1004 1925 1065 2008 (sic
1100 1927 1138 1990 in
1170 1925 1270 1992 libris
1278 1926 1302 2013 l)

128 2033 262 2114 πόλεως,
298 2035 353 2099 καὶ
387 2032 454 2100 ἰ’δον
490 2032 620 2100 ἐκεῖ..
646 2088 653 2102 .
678 2035 726 2115 .“;
766 2055 849 2098 nam
883 2033 970 2099 illud
1005 2032 1071 2100 ἐκεῖ
1105 2033 1300 2099 necessario

128 2140 285 2227 postulat
308 2139 587 2226 designationem
611 2139 689 2223 loci,
720 2139 782 2205 ubi
806 2139 893 2205 haec
917 2138 1055 2205 viderit.
1103 2140 1191 2205 (lum
1216 2161 1299 2226 ergo

128 2245 165 2311 in
181 2245 304 2311 ceteris
320 2245 418 2312 libris
435 2247 477 2311 de
493 2245 637 2333 regione
653 2246 858 2334 plerumque
881 2245 933 2310 nil
949 2246 1036 2311 certi
1059 2245 1104 2311 sit
1120 2245 1300 2329 traditum,

129 2353 237 2440 Syrus
255 2374 336 2418 vero
361 2375 433 2419 non
457 2352 569 2419 solum
593 2375 766 2440 nusquam
791 2352 1104 2419 contradictionem
1121 2352 1300 2438 praebeat,

128 2461 188 2525 sed
204 2461 401 2546 apostolum
417 2482 461 2524 ex
478 2466 579 2547 parte
595 2458 788 2525 meridiana
813 2459 1001 2524 deductum
1026 2481 1098 2524 esse
1123 2464 1241 2523 narret
1264 2457 1301 2522 in

129 2573 266 2654 partem
297 2565 441 2633 orientis
476 2573 512 2631 et
541 2566 622 2631 inde
653 2566 691 2630 in
722 2571 859 2653 partem
889 2565 1208 2652 septentrionalem,
1242 2564 1302 2650 qui

130 2673 214 2739 ordo
246 2672 385 2757 arridet,
417 2672 562 2739 dubium
591 2694 664 2737 non
687 2694 761 2737 esse
791 2671 941 2756 videtur,
973 2670 1058 2758 quin
1082 2672 1171 2759 Syra
1195 2670 1300 2737 lectio

129 2779 224 2845 hisce
247 2780 285 2844 in
307 2780 410 2846 rebus
434 2780 479 2846 sit
502 2779 743 2866 praeferenda.

237 2888 305 2953 Sed
327 2887 398 2952 iam
421 2886 517 2953 hisce
547 2885 715 2952 absolutis
739 2908 926 2974 pergamus
950 2894 1066 2952 cetera
1089 2887 1301 2974 perlustrare

129 2995 257 3083 capita.
297 2993 361 3078 Ea,
386 2992 511 3082 quibus
534 2993 571 3058 in
593 3015 693 3081 capp.
711 2993 843 3059 XXIX
866 2999 902 3058 et
924 2995 1038 3058 XXX
1062 2993 1242 3058 Parisinus
1266 2999 1302 3056 et

130 3100 295 3189 Syriacus
312 3099 485 3165 Graecum
502 3106 639 3165 textum
656 3107 798 3187 augent,
824 3101 867 3165 ad
885 3099 1117 3187 archetypum
1141 3105 1300 3187 spectare

129 3214 228 3296 patet
252 3230 295 3272 ex
318 3207 458 3272 illorum
482 3207 651 3272 librorum
676 3207 911 3273 consensione.

236 3316 269 3380 A
300 3337 375 3402 cap.
407 3313 540 3379 XXXI
569 3335 663 3380 nova
693 3336 774 3402 pars
804 3313 1030 3380 revelationis
1060 3313 1196 3401 incipit,
1233 3335 1301 3399 qua

130 3421 289 3510 apostolo
307 3443 441 3509 poenae
465 3430 691 3510 peccatorum
708 3421 949 3486 ostenduntur.
996 3419 1153 3485 Primum
1170 3421 1301 3485 Paulus

129 3529 281 3594 fluvium
319 3529 426 3613 videt,
460 3526 497 3592 in
536 3550 605 3615 quo
641 3533 843 3615 peccatores
878 3528 1026 3592 demersi
1060 3533 1159 3610 sunt,
1195 3534 1301 3614 atque

130 3643 280 3721 exstant,
304 3641 410 3723 prout
426 3634 571 3722 quisque
587 3634 758 3722 peccavit,
776 3634 905 3700 diversi
919 3633 1144 3700 demersionis
1161 3633 1300 3720 gradus,

129 3743 172 3807 de
196 3742 320 3830 quibus
344 3749 462 3807 tamen
487 3741 568 3807 libri
590 3764 662 3807 non
685 3741 770 3808 satis
801 3741 1041 3824 consentiunt,
1074 3740 1112 3804 in
1141 3739 1300 3805 Parisino

130 3849 223 3914 enim
254 3855 420 3937 quattuor
451 3856 769 3914 commemorantur
791 3869 931 3933 genera,
963 3847 1087 3935 quibus
1110 3845 1147 3911 in
1178 3845 1301 3912 ceteris

129 3957 285 4023 textibus
308 3957 377 4023 tria
400 3964 541 4023 tantum
561 3956 789 4042 respondent;
815 3955 874 4020 sed
898 3977 942 4019 ne
966 3955 1052 4020 haec
1069 3953 1209 4041 quidem
1232 3951 1301 4018 tria

129 4086 270 4152 genera,
308 4085 398 4149 quae
432 4062 469 4127 in
501 4062 637 4127 Graeco
674 4068 709 4125 et
740 4061 829 4149 Syro
863 4060 1102 4144 inveniuntur,
1140 4059 1233 4125 inter
1265 4082 1301 4125 se

237 4224 264 4293 1)
284 4221 333 4276 Sic
358 4219 551 4277 scribendum
577 4235 644 4274 esse
667 4219 776 4291 probat
803 4219 951 4289 Graecum
978 4220 1010 4272 in
1036 4218 1099 4274 cod.
1125 4225 1226 4274 exstat
1246 4219 1300 4290 „ab

129 4315 226 4368 orae“.
262 4310 411 4365 Iamesius
430 4308 526 4363 edidit
546 4307 600 4378 „ab
621 4309 763 4362 oriente“.

236 4401 265 4471 2)
284 4397 323 4456 cf.
342 4396 603 4454 Heidenheim
621 4396 640 4454 l.
660 4397 679 4452 l.
699 4415 767 4471 pag.
788 4399 847 4454 163.
