3148 5108
605 445 805 512 ..13-

118 648 159 708 ut
188 641 348 730 exemplo
378 648 474 727 utar,
505 665 548 708 ex
579 641 807 708 consensione
838 642 964 708 horum
993 641 1162 709 librorum
1193 649 1294 731 patet

118 749 155 814 in
188 748 324 815 Graeco
356 748 521 815 omissum
552 770 625 815 esse
656 750 802 837 angelos
834 750 920 815 hora
949 749 1123 816 matutina
1154 772 1292 838 quoque

118 856 301 923 hominum
326 878 432 943 opera
456 856 531 922 Deo
555 857 724 943 proferre.

226 991 310 1078 Cap.
335 989 435 1075 VIII,
460 991 553 1079 quod
576 989 613 1054 in
636 997 761 1057 neutro
786 990 905 1056 codice
934 990 1078 1077 Syriaco
1103 991 1291 1076 invenitur,

118 1098 363 1165 describuntur
380 1097 508 1185 angeli,
531 1096 591 1184 qui
607 1098 649 1162 de
666 1098 837 1162 iustorum
854 1097 1017 1185 operibus
1033 1097 1108 1164 Deo
1124 1098 1292 1183 referunt,

119 1215 224 1293 atque
248 1205 285 1269 in
316 1203 432 1291 capite
457 1203 618 1292 sequenti
648 1203 766 1290 angeli
789 1203 827 1268 in
850 1225 991 1269 scenam
1014 1205 1200 1291 prodeunt,
1232 1204 1293 1292 qui

118 1313 160 1378 de
193 1311 447 1378 monachorum
478 1310 566 1376 actis
599 1311 767 1378 referunt.
814 1309 917 1376 Prior
947 1333 1029 1397 pars
1064 1311 1102 1376 in
1132 1311 1292 1377 Parisino

118 1419 349 1503 desideratur,
386 1439 475 1504 quae
511 1416 650 1484 omissio
686 1417 855 1483 facillime
892 1417 1062 1483 declarari
1096 1425 1214 1506 potest
1249 1441 1292 1484 ex

117 1525 234 1592 verbis
264 1524 301 1590 in
330 1530 480 1612 utraque
504 1522 738 1612 descriptione
768 1523 927 1611 repetitis
953 1525 1228 1612 „responderunt
1257 1532 1293 1591 et

117 1631 314 1716 dixerunt“,
346 1630 471 1718 quibus
502 1652 598 1697 error
627 1637 732 1697 natus
763 1637 833 1714 est;
872 1654 954 1696 nam
985 1633 1092 1697 verba
1124 1633 1178 1697 καὶ
1205 1623 1292 1698 ἄπο-

117 1743 284 1827 κριθέντες
308 1735 401 1804 εἶπον
424 1737 462 1802 in
486 1737 620 1804 Graeco
645 1759 784 1825 quoque
808 1737 862 1804 bis
884 1744 967 1804 sunt
990 1738 1115 1825 posita.

223 1870 256 1937 A
280 1893 356 1959 cap.
381 1869 438 1936 XI
462 1871 589 1936 iterum
613 1892 706 1936 nova
729 1893 812 1958 pars
834 1869 975 1936 initium
999 1871 1105 1959 capit.
1134 1871 1292 1960 Angelus

117 1978 210 2044 enim
226 1983 385 2066 apparet,
410 1976 470 2064 qui
486 1977 636 2042 Paulum
660 1977 704 2042 ad
720 1978 936 2066 sequendum
952 1977 1092 2063 invitat,
1116 1985 1156 2044 ut
1171 1979 1292 2046 videat

117 2091 153 2150 et
181 2084 354 2151 iustorum
385 2083 514 2171 gaudia
546 2088 582 2149 et
610 2090 838 2171 peecatorum
867 2106 1008 2172 poenas.
1055 2083 1108 2151 Ac
1138 2086 1291 2174 primum

117 2191 258 2280 quidem
281 2191 461 2279 apostolus
484 2190 582 2256 videt
598 2192 753 2279 angelos,
779 2192 840 2279 qui
863 2192 950 2258 hora
966 2192 1089 2259 mortis
1105 2194 1150 2259 ad
1165 2192 1291 2281 impios

117 2298 316 2384 mittuntur,
341 2319 427 2386 quos
451 2299 596 2385 angelos
615 2297 795 2365 Parisinus
819 2306 855 2364 et
871 2298 980 2386 Syrus
1003 2299 1055 2366 ita
1078 2299 1290 2386 describunt,

116 2411 157 2472 ut
191 2405 293 2494 plura
328 2406 522 2493 praebeant
556 2427 662 2491 quam
698 2405 862 2471 Graecus.
909 2405 1044 2471 Deinde
1075 2407 1165 2494 (cap.
1198 2407 1289 2495 XII)

117 2512 205 2578 alios
229 2512 374 2600 angelos
399 2510 535 2599 aspicit,
567 2511 628 2599 qui
651 2511 761 2579 iustos
784 2518 941 2579 mortuos
966 2513 1010 2578 ad
1033 2512 1100 2580 Dei
1123 2513 1290 2580 thronum

117 2619 241 2685 ducere
269 2620 393 2687 solent.
419 2619 528 2707 Capp.
554 2641 648 2705 seqq.
673 2641 766 2686 mors
795 2619 878 2686 iusti
901 2619 1052 2686 hominis
1081 2621 1290 2689 describitur

116 2733 151 2792 et
185 2725 381 2814 peccatoris
416 2733 452 2791 et
487 2725 656 2791 iudicium
691 2726 734 2791 de
773 2734 922 2812 utroque
961 2727 1107 2797 factum.
1158 2727 1290 2796 'Portus

116 2832 271 2900 Graecus
305 2853 472 2919 magnam
506 2837 644 2918 partem
679 2853 754 2919 cap.
787 2831 877 2899 XIV
907 2855 979 2900 non
1008 2834 1164 2921 praebet.
1211 2835 1289 2902 Hoc

115 2942 192 3009 loco
215 2941 254 3007 in
277 2939 406 3006 Latino
431 2945 467 3004 et
491 2938 580 3026 Syro
609 2951 783 3023 narratur,
815 2941 990 3026 quomodo
1020 2941 1137 3006 anima
1166 2949 1290 3008 sancta

116 3072 136 3115 a
160 3048 261 3114 malis
286 3045 422 3134 angelis
445 3045 642 3112 retineatur
666 3054 711 3131 et,
736 3054 924 3134 postquam
948 3047 1040 3113 iusta
1064 3046 1209 3114 inventa
1233 3049 1288 3134 sit,

115 3157 153 3221 in
177 3154 311 3221 caelum
334 3155 483 3220 dueatur
505 3152 623 3240 ibique
646 3153 757 3219 aDeo
781 3153 965 3220 iudicetur.
1001 3153 1175 3240 Dehisce,
1200 3178 1289 3243 quae

115 3263 152 3328 in
169 3262 304 3328 Graeco
328 3282 399 3326 non
423 3264 573 3345 exstant,
598 3258 669 3325 iam
692 3258 978 3326 Tischendorfius
1001 3260 1039 3326 in
1062 3261 1216 3328 editione
1239 3262 1289 3328 ita

115 3368 276 3436 disseruit
286 3368 329 3455 ¹):
363 3366 473 3454 „Sunt
508 3365 694 3452 eiusmodi,
726 3373 767 3433 ut
796 3367 857 3432 vix
888 3367 953 3434 soli
985 3367 1170 3458 interpreti
1200 3369 1289 3457 Syro

115 3475 344 3542 adscribenda
359 3474 579 3540 videantur.“
616 3475 708 3539 Eum
723 3480 818 3539 recte
835 3473 1042 3542 iudicavisse
1059 3498 1103 3541 ex
1119 3499 1291 3545 consensu

116 3583 226 3671 Syrae
262 3588 298 3647 et
330 3581 512 3648 Parisinae
545 3580 716 3646 versionis
747 3587 856 3668 patet.
903 3582 1089 3648 Praeterea
1123 3581 1216 3650 idem
1246 3608 1289 3651 ex

115 3690 250 3757 Graeco
278 3689 354 3776 ipso
379 3688 586 3754 concludere
609 3687 703 3773 lieet,
736 3710 816 3753 cum
844 3695 967 3776 postea
990 3688 1027 3754 in
1056 3690 1289 3779 descriptione

115 3796 254 3863 animae
282 3794 412 3883 impiae
440 3794 622 3861 morientis
652 3793 780 3861 similia
808 3794 950 3861 habeat.
997 3795 1078 3862 Non
1105 3820 1189 3884 ergo
1218 3798 1289 3865 iam

115 3903 268 3970 dubitari
283 3908 411 3992 potest,
436 3901 520 3991 quin
541 3901 628 3967 haec
652 3901 808 3968 narratio
827 3901 865 3966 in
889 3901 1083 3991 archetypo
1103 3904 1287 3972 exstiterit.

115 4012 303 4077 Certamen
323 4031 418 4094 vero,
443 4009 537 4096 quod
557 4007 649 4074 inter
665 4008 809 4095 angelos
831 4009 941 4075 bonos
958 4016 994 4075 et
1013 4011 1125 4077 malos
1145 4018 1290 4099 propter

113 4119 243 4186 iustam
267 4117 386 4203 agitur
414 4115 578 4200 animam,
610 4115 648 4180 in
671 4114 761 4203 Syro
785 4117 897 4182 multo
928 4117 1067 4184 uberius
1090 4125 1126 4204 et
1151 4119 1289 4206 plenius

115 4227 314 4317 explicatur
337 4247 443 4312 quam
466 4224 504 4288 in
527 4222 688 4290 Parisino
711 4223 819 4306 libro3
844 4230 1060 4311 quapropter
1075 4225 1288 4292 Brandesius

113 4355 326 4368 ......--——-

222 4407 249 4478 1)
268 4401 533 4460 Tischendorf
550 4401 570 4457 l.
589 4401 609 4455 l.
626 4418 694 4474 pag.
713 4402 757 4456 42.
