3148 5108
738 430 935 500 ..16-

251 626 446 694 infantibus
470 626 515 694 ab
538 629 678 695 Herode
709 627 832 696 occisis
864 629 951 696 alios
975 652 1114 718 quoque
1143 630 1275 698 versari
1303 629 1423 717 iustos,

251 735 345 822 quod
379 733 414 799 in
451 734 575 800 ceteris
609 734 708 801 libris
741 735 883 821 legitur.
934 736 976 801 Id
1011 758 1094 803 vero
1129 737 1219 804 libro
1255 738 1422 827 primario

250 840 474 907 tribuendum
506 863 579 907 esse
609 841 781 929 imprimis
805 865 848 907 ex
879 843 1142 931 comparatione
1172 868 1272 933 capp.
1305 845 1422 931 XXV,
1539 882 1542 889 2

250 948 408 1033 XXVII,
439 947 605 1014 XXVIII
637 948 868 1034 concluditur,
898 950 959 1015 ubi
991 950 1147 1017 Graecus
1175 952 1249 1040 ipse
1286 975 1424 1040 quoque

250 1063 372 1122 narrat
387 1061 527 1143 praeter
542 1055 763 1142 patriarchas
780 1063 816 1122 et
832 1056 1023 1145 prophetas
1039 1058 1148 1123 etiam
1165 1058 1252 1126 alios
1268 1058 1318 1124 ibi
1331 1081 1423 1125 com·

251 1161 380 1229 morari
396 1161 506 1229 iustos
523 1162 698 1245 homines,
723 1169 907 1251 praeterea
924 1163 1032 1229 etiam
1046 1164 1235 1231 locutionis
1259 1165 1423 1252 vestigia,

250 1271 343 1358 quod
368 1268 404 1334 in
425 1268 576 1335 Parisini
600 1268 752 1336 editione
776 1292 857 1357 pag.
883 1271 963 1337 26.3
987 1276 1113 1355 exstat,
1137 1272 1308 1358 probatur
1330 1272 1422 1338 hano

250 1376 377 1465 eapitis
400 1382 538 1464 partem
562 1398 605 1441 ex
630 1375 746 1461 aliquo
780 1374 869 1442 libro
893 1375 1030 1442 Graeco
1054 1376 1218 1461 fluxisse;
1250 1377 1300 1444 ibi
1329 1379 1423 1444 enim

249 1484 395 1570 legitur:
423 1482 601 1570 ,salutant
624 1503 683 1548 eos
707 1481 862 1548 dicentes
886 1482 968 1571 quia
984 1483 1126 1550 Fratres
1149 1485 1261 1551 nostri
1285 1491 1423 1552 suntet

250 1589 355 1656 amici
378 1595 414 1655 et
436 1588 623 1673 membra,“
650 1589 742 1655 unde
758 1595 858 1676 patet
883 1589 1109 1679 interpretem
1127 1591 1296 1657 Latinum
1319 1612 1423 1658 voca·

249 1697 371 1763 bulum
396 1695 569 1762 Graecum
585 1689 645 1776 ὅτι,
668 1716 737 1782 quo
754 1696 874 1763 oratio.
884 1697 1017 1762 directa
1034 1697 1231 1783 mobeatur,
1248 1697 1421 1764 vocabulo

252 1804 375 1891 ,quia“
401 1801 556 1869 vertisse.

355 1909 432 1976 Iam
463 1931 547 1977 vero
578 1909 622 1976 ad
653 1909 769 1994 aliam,
802 1932 891 1997 quae
923 1910 1111 1976 intercedit
1141 1910 1234 1977 inter
1264 1910 1422 1999 singulos

248 2017 366 2102 libros,
407 2016 648 2082 differentiam
686 2016 901 2086 accedamus.
949 2016 1081 2085 Textus
1125 2017 1220 2085 enim
1258 2018 1295 2083 in
1335 2019 1423 2085 desi·

248 2123 417 2212 gnatione
440 2122 603 2210 regionis,
636 2145 706 2211 qua
729 2123 859 2189 Paulus
884 2147 963 2190 cum
996 2125 1122 2212 angelo
1147 2132 1323 2212 versatur,
1354 2125 1421 2192 hac

185 2314 187 2318 ι
249 2232 287 2296 in
325 2229 548 2320 apocalypsis
582 2236 684 2317 parte
718 2251 859 2318 prorsus
898 2230 991 2296 inter
1029 2254 1064 2297 ae
1104 2231 1326 2298 dissentiunt.
1350 2227 1352 2232 ’
1378 2230 1422 2297 In

249 2338 351 2405 initio
395 2361 471 2426 cap.
515 2336 643 2403 XXVI
693 2336 849 2404 Graecus
892 2336 981 2402 liber
1024 2337 1112 2404 haec
1157 2337 1317 2405 exhibet:
1368 2340 1422 2406 aot

249 2439 414 2535 οἷπήγογέν
446 2469 488 2529 με
518 2437 535 2510 ὃ
569 2437 702 2530 ἅγγελος
734 2441 775 2512 ἐκ
808 2442 928 2511 νότου
957 2453 1013 2533 τῆς
1044 2443 1186 2526 πόλεως,
1223 2443 1305 2512 ἔνθα
1336 2442 1423 2512 ἐστὶν

249 2546 267 2620 ὁ
299 2551 446 2636 ποταμὸς
480 2559 537 2617 τοῦ
571 2549 746 2637 ydiotam&
784 2550 910 2637 quibus
946 2550 1062 2618 verbis
1093 2551 1130 2617 in
1161 2550 1250 2638 Syro
1281 2573 1422 2641 respon·

249 2662 334 2727 dent
356 2659 444 2725 haec
454 2661 495 2742 ¹):
523 2657 680 2744 ,Darauf
702 2657 821 2723 fiihrte
845 2656 999 2723 armich
1023 2679 1168 2744 gagen
1193 2657 1336 2725 Stiden
1360 2659 1422 2724 der

249 2767 353 2835 Stadt
381 2765 454 2832 und
484 2764 543 2830 ioh
573 2764 637 2832 sah
667 2764 747 2830 dort
777 2763 879 2830 einen
910 2764 1063 2831 anderen
1087 2765 1223 2831 Strom“
1235 2788 1243 2848 ;
1268 2764 1422 2831 Graecus

249 2896 333 2958 ergo
357 2877 479 2939 narrat
494 2870 645 2937 Paulum
669 2893 712 2936 ex
735 2869 880 2959 regione
904 2870 1097 2937 meridiana
1122 2871 1313 2937 abductum
1336 2893 1421 2956 esse,

248 3003 327 3048 oum
359 2985 482 3046 contra
513 2978 550 3043 in
573 2977 663 3066 Syro
693 2978 868 3043 referatur
899 2999 978 3042 eum
1010 2977 1094 3043 illuc
1117 3001 1190 3044 esse
1223 2978 1421 3045 deductum.

248 3090 336 3156 Cum
353 3109 436 3154 vero
453 3085 631 3152 Parisinus
647 3085 807 3152 hocloco
827 3081 916 3150 nihil
931 3084 1072 3170 habeat,
1090 3084 1184 3172 quod
1199 3086 1421 3173 respondeat,

248 3196 404 3263 nondum
433 3193 517 3260 licet
548 3198 682 3259 certum
712 3191 829 3258 facere
859 3191 1037 3259 iudicium.
1084 3191 1152 3258 Sed
1183 3191 1271 3277 iam,
1309 3197 1349 3257 ut
1379 3192 1421 3257 de

247 3303 315 3369 hac
338 3325 375 3369 rs
407 3299 645 3368 coniecturam
676 3299 793 3365 facere
824 3298 1006 3387 possimus,
1038 3297 1169 3367 similes
1199 3297 1422 3384 exquiramus

247 3412 354 3496 locos,
371 3408 431 3498 qui
446 3408 484 3473 in
500 3406 660 3473 Parisino
677 3427 816 3494 quoque
832 3406 1006 3492 leguntur.
1042 3402 1096 3470 Ac
1112 3404 1264 3493 primum
1281 3405 1421 3492 quidem

248 3519 364 3584 locum
394 3539 471 3604 cap.
496 3513 662 3581 XXVIII
691 3512 729 3578 in
757 3511 1057 3600 comparationem
1087 3533 1214 3578 vocare
1238 3511 1331 3595 volo,
1360 3511 1422 3579 ubi

249 3624 404 3691 Graecus
435 3623 523 3690 haec
555 3620 720 3709 praebet:
755 3621 811 3685 καὶ
840 3619 940 3686 πάλιν
970 3611 1136 3707 ἐπήγαγον
1167 3643 1208 3703 με
1237 3617 1285 3697 εἰς
1317 3615 1422 3706 ἕτερον

248 3731 358 3815 τόπον,
382 3732 437 3796 καὶ
452 3727 520 3795 ἰ’δον
543 3725 608 3794 ἐκεῖ
630 3725 778 3810 ποταμὸν
801 3723 1015 3814 ἐλαιόμορφον
1038 3723 1073 3792 ἐκ
1094 3731 1193 3813 βορρᾶ
1215 3734 1273 3814 τῆς
1286 3725 1422 3804 πόλεως.

248 3837 453 3926 Respondet
476 3835 585 3922 Syrus
608 3832 703 3899 hisce
727 3832 895 3916 verbis⁹):
929 3832 1031 3919 ,Nun
1054 3831 1173 3897 ftihrte
1197 3853 1235 3897 er
1257 3830 1352 3898 mich
1375 3853 1420 3898 an

248 3946 303 4012 die
334 3943 518 4012 Nordseito
549 3941 610 4006 der
648 3939 781 4007 Stadt.“
830 3939 908 4006 Hoc
944 3940 1023 4007 loco
1055 3938 1164 4026 Syrus
1199 3944 1235 4003 et
1266 3938 1421 4006 Graecus

249 4051 485 4121 consentiunt.
532 4047 600 4114 Sed
636 4047 674 4112 in
703 4045 855 4113 Parisini
893 4067 1031 4134 quoque
1069 4045 1262 4132 archetypo
1299 4045 1421 4112 eadem

249 4159 423 4227 exstitisse
446 4155 611 4224 videntur
633 4151 751 4238 verba,
783 4175 872 4241 quae
896 4151 1068 4240 interpres
1099 4152 1191 4216 male
1214 4149 1265 4217 ita
1295 4151 1420 4218 vertit:

357 4304 384 4372 1)
404 4297 443 4354 cf.
462 4295 721 4353 Heidonheim
739 4294 759 4348 l.
777 4294 796 4348 l.
814 4311 881 4368 pag.
901 4294 960 4348 160.

356 4392 384 4463 2)
403 4387 442 4446 of.
460 4384 720 4442 Heidonheim
738 4384 757 4439 l.
776 4384 796 4438 l.
813 4401 881 4457 pag.
901 4383 961 4438 161.
