3148 5108
628 438 827 504 ..31-

142 635 246 702 huius
270 633 352 700 libri
369 634 521 700 auctoris
538 633 720 700 consilium
736 633 844 700 fuisse
860 635 1000 701 videtur
1015 642 1128 702 totam
1144 635 1316 702 visionem

142 766 167 810 s.
198 741 301 808 Pauli
331 742 405 807 sine
432 741 507 806 ulla
537 741 698 807 ubertate
728 741 883 807 breviter
913 749 949 807 et
980 749 1144 809 accurate
1173 742 1314 808 referre.

142 850 278 915 Deinde
311 870 395 914 vero
431 847 527 913 locos
561 848 731 933 eruimus,
770 848 896 934 quibus
931 850 1110 915 luculente
1145 850 1317 937 probatur

143 963 322 1023 auctorem
344 955 521 1020 interdum
543 954 714 1020 veriorem
738 955 923 1042 archetypi
947 955 1099 1021 formam
1123 958 1317 1025 servavisse

143 1087 248 1152 quam
273 1069 433 1129 auctores
459 1061 587 1127 Graeci
616 1067 652 1126 et
676 1061 757 1149 Syri
788 1068 915 1128 textus.
964 1062 1081 1150 Atque
1112 1063 1218 1128 iidem
1248 1065 1317 1131 loci

141 1172 251 1237 fidem
273 1170 407 1236 addunt
423 1168 455 1234 ei
470 1168 676 1252 sententiae,
700 1190 806 1254 quam
822 1167 937 1256 priore
955 1169 1071 1256 capite
1095 1169 1171 1255 tuli,
1189 1171 1317 1238 Parisi-

143 1301 228 1345 num
251 1298 388 1364 semper
411 1276 485 1341 fere
511 1298 590 1341 cum
614 1274 807 1362 archetypo
832 1275 1013 1363 deperdito
1038 1275 1248 1364 conspirare.

249 1385 430 1450 Hactenus
454 1383 496 1447 de
512 1383 728 1469 Fragmenta
754 1381 1027 1448 Vindobonensi.
1075 1383 1178 1449 Nunc
1201 1406 1316 1451 rever-

142 1499 260 1559 tamur
283 1491 327 1556 ad
351 1491 503 1577 priorem
526 1495 663 1576 partem
688 1488 818 1554 codicis
836 1488 1127 1573 Vindobonensis,
1153 1497 1317 1578 quaeest

142 1599 257 1665 forma
287 1597 316 1662 Ι.
362 1598 441 1662 Hac
475 1596 510 1660 in
546 1601 647 1683 parte
682 1594 772 1660 nihil
803 1594 1010 1661 describitur
1043 1596 1111 1662 nisi
1140 1603 1317 1664 tormenta

143 1711 380 1793 peccatorum.
427 1703 471 1767 In
501 1701 602 1767 initio
634 1701 787 1767 Michael
818 1703 888 1767 dux
920 1701 1071 1790 apostoli
1103 1702 1317 1790 designatur,

144 1813 236 1899 quod
261 1809 416 1876 alienum
441 1831 514 1876 esse
539 1808 583 1874 ab
608 1808 802 1896 archetypo
819 1831 923 1896 supra
947 1809 1017 1874 iam
1035 1812 1316 1879 commemoravi.

143 1917 278 1983 Deinde
316 1915 473 1982 narratio
517 1916 567 1982 sic
607 1915 682 1980 fere
724 1915 857 2002 pergit:
901 1914 1093 2003 Apostolus
1130 1917 1168 1981 in
1201 1918 1318 1984 locum

144 2025 292 2109 ducitur,
316 2046 379 2111 per
402 2044 506 2108 quem
530 2021 681 2087 flumina
705 2021 844 2087 inferna
868 2022 1005 2088 fluunt:
1031 2023 1195 2112 Cocytus,
1216 2024 1316 2113 Styx,

143 2131 384 2218 Phlegethon,
415 2128 598 2212 Acheron;
633 2128 682 2194 ibi
712 2128 809 2194 videt
844 2129 950 2195 etiam
983 2130 1170 2196 draconem
1200 2131 1317 2197 multi-

143 2239 303 2322 formem,
332 2236 388 2303 cui
410 2259 539 2302 nomen
563 2242 616 2302 est
639 2235 865 2305 Parthemon.
911 2237 1010 2302 Haec
1034 2243 1213 2303 auctorem
1245 2260 1317 2306 non

144 2368 187 2411 ex
212 2345 405 2433 archetypo
422 2345 525 2410 huius
542 2342 765 2431 apocalypsis
789 2343 850 2408 sed
873 2342 1013 2408 aliunde
1037 2342 1193 2409 hausisse
1216 2351 1317 2432 patet

143 2475 187 2518 ex
210 2451 349 2518 silentio
373 2451 542 2517 librorum
566 2472 637 2516 non
662 2450 934 2516 decurtatorum.
982 2450 1035 2514 Ea
1066 2456 1195 2537 autem,
1227 2474 1316 2538 quae

142 2559 223 2624 inde
247 2564 446 2643 narrantur,
470 2557 615 2646 propius
632 2557 676 2621 ad
692 2555 773 2622 libri
788 2555 947 2643 primarii
963 2557 1114 2624 formam
1131 2559 1313 2625 accedunt.

143 2665 308 2753 Sequitur
331 2665 424 2730 enim
444 2663 630 2751 descriptio
647 2668 883 2751 peccatorum,
909 2664 969 2750 qui
984 2663 1022 2728 in
1039 2663 1153 2730 fluvio
1171 2665 1318 2732 demersi

142 2779 233 2857 sunt,
266 2794 414 2858 quorum
449 2777 595 2859 peecata
630 2771 752 2835 eadem
782 2770 856 2835 fere
894 2777 976 2836 sunt
1012 2776 1118 2856 atque
1153 2793 1243 2857 quae
1276 2772 1313 2838 in

142 2879 301 2945 Parisino
326 2883 583 2944 enumerantur.
631 2876 750 2942 Etiam
774 2875 973 2963 proximum
997 2899 1125 2963 genus,
1156 2878 1249 2964 quod
1280 2878 1318 2943 in

142 2985 207 3051 hac
238 2986 353 3051 forma
383 2985 401 3049 I
431 2983 648 3068 describitur,
680 2983 765 3048 satis
795 2983 971 3050 consentit
1002 3005 1082 3048 cum
1112 2983 1316 3072 archetypo.

141 3092 276 3157 Deinde
301 3098 418 3158 autem
441 3113 572 3177 magna
597 3095 714 3155 exstat
736 3089 973 3177 perturbatio:
999 3111 1071 3155 non
1087 3090 1200 3156 solum
1217 3093 1318 3158 omit-

140 3206 264 3265 tuntur
279 3221 424 3286 poenae,
442 3197 566 3286 quibus
583 3196 776 3284 episcopus,
799 3197 993 3284 presbyter,
1011 3197 1190 3283 diaeonus,
1207 3198 1319 3266 lector

141 3306 346 3393 puniuntur,
372 3306 431 3372 sed
456 3305 562 3370 etiam
583 3327 634 3388 ea,
664 3326 753 3390 quae
777 3303 858 3368 inde
881 3310 1084 3390 sequuntur,
1108 3305 1211 3370 valde
1236 3315 1318 3372 sunt

137 3412 298 3480 confusa.
345 3412 457 3477 Iidem
490 3434 574 3477 sane
605 3417 808 3498 peccatores
838 3417 943 3497 atque
975 3411 1098 3476 eadem
1131 3417 1317 3498 tormenta,

140 3541 228 3606 quae
259 3520 296 3584 in
326 3519 487 3584 Parisino
519 3517 765 3602 inveniuntur,
801 3515 859 3582 hic
892 3539 1030 3603 quoque
1066 3517 1318 3605 describuntur,

139 3627 199 3692 sed
223 3626 366 3691 minime
384 3625 570 3713 archetypi
586 3624 720 3690 restitit
744 3624 839 3689 orde.
875 3623 917 3708 Ii,
935 3623 995 3709 qui
1012 3622 1126 3689 viduis
1143 3632 1178 3690 et
1195 3626 1319 3713 orpha-

139 3733 194 3798 nis
211 3739 419 3817 nocuerunt,
443 3732 549 3818 iique,
567 3731 627 3818 qui
642 3730 745 3796 fenus
762 3730 921 3817 iniquum
939 3738 1179 3816 exercuerunt,
1195 3732 1319 3799 iisdem

139 3839 260 3927 poenis
284 3839 404 3928 puniri
429 3845 628 3922 narrantur,
660 3841 753 3924 quod
784 3838 951 3903 abhorret
975 3860 995 3903 a
1020 3837 1109 3903 libro
1140 3839 1318 3925 primarie.

137 3946 272 4012 Deinde
297 3952 614 4013 commemorantur
629 3952 806 4014 tormenta
825 3966 958 4028 eorum,
984 3945 1044 4031 qui
1060 3944 1228 4010 ieiunium
1247 3969 1320 4013 non

138 4059 380 4139 servaverunt,
410 4076 501 4141 quae
525 4073 606 4139 pars
630 4052 715 4119 satis
739 4050 918 4139 conspirat
942 4073 1020 4116 cum
1044 4051 1215 4120 Parisino.
1252 4053 1320 4120 Sed

136 4161 208 4226 iam
242 4159 515 4249 progredientes
547 4160 591 4224 ad
626 4182 678 4226 ea,
712 4182 801 4247 quae
832 4164 1034 4245 sequuntur,
1068 4157 1196 4224 iterum
1227 4159 1318 4228 hano

136 4268 289 4334 formam
325 4268 523 4354 discrepare
559 4267 603 4332 ab
640 4265 836 4353 archetypo
871 4263 1048 4348 videmus,
1085 4264 1319 4334 infanticidae

137 4374 231 4440 enim
255 4381 291 4440 et
314 4373 478 4440 mulieres
505 4373 674 4440 fatidicae
702 4371 825 4439 iisdem
850 4369 998 4437 cruciari
1030 4379 1218 4439 narrantur
1248 4380 1318 4440 tor-
