3148 5108
742 414 938 480 ..24-

257 612 356 694 XVI,
385 611 446 678 ubi
476 611 512 677 in
536 610 695 677 Parisino
726 610 854 677 iterum
883 610 1028 698 legitur:
1061 609 1214 697 „faciens
1238 609 1429 676 secundum

257 727 357 786 tuum
381 718 588 802 iudicium“;
613 718 699 784 haec
723 739 806 784 vero
830 740 911 806 pars
935 717 973 782 in
989 717 1123 783 Graeco
1140 739 1278 804 quoque
1302 723 1428 801 exstat,

259 827 318 914 qui
343 824 563 892 consentiens
596 847 675 890 cum
699 824 788 912 Syro
819 823 1066 912 imperativum
1096 823 1256 911 praebet:
1292 828 1430 911 ποίησον

258 925 338 1022 αὐτῇ
360 931 442 998 κατὰ
465 930 503 998 τὸ
525 937 623 1019 κρίμα
646 951 713 996 σου.

365 1039 444 1106 Duo
469 1037 617 1125 denique
641 1037 699 1103 hic
724 1037 901 1103 tractandi
924 1046 1006 1103 sunt
1027 1036 1107 1121 loci,
1133 1036 1257 1125 quibus
1281 1044 1430 1124 apparet
1557 1071 1558 1098 r

258 1147 496 1234 interpretem¹
522 1144 711 1229 vocabula,
751 1165 897 1231 quorum
933 1144 1068 1210 formae
1103 1143 1301 1209 simillimae
1337 1150 1429 1229 sunt,
1557 1153 1558 1200 l

258 1252 467 1320 confudisse.
503 1253 620 1339 Atque
644 1253 794 1317 alterum
817 1250 1015 1338 exemplum
1039 1272 1143 1337 supra
1167 1249 1237 1316 iam
1261 1251 1355 1338 (pag.
1375 1252 1429 1333 14)

260 1359 542 1442 commemoravi,
567 1358 629 1424 ubi
652 1356 797 1445 exposui
820 1358 901 1423 inde
919 1358 1011 1444 quod
1027 1357 1179 1423 Parisini
1201 1356 1283 1424 libri
1307 1364 1431 1424 auctor
1557 1431 1558 1440 ρ

259 1488 322 1554 pro
346 1467 437 1553 ηλιαυ
458 1464 548 1551 legit
570 1465 657 1552 ηλιον
681 1463 958 1530 concludendum
989 1486 1062 1530 esse
1092 1464 1189 1529 illam
1220 1470 1357 1551 partem
1385 1465 1430 1530 ad

259 1571 491 1659 archetypum
513 1577 682 1658 spectare.
721 1570 847 1636 Restat
871 1570 1019 1636 alterum
1043 1571 1252 1660 exemplum,
1278 1571 1370 1657 quod
1393 1571 1430 1636 in
1462 1617 1469 1631 .
1557 1589 1558 1592 ’

259 1701 335 1767 cap.
366 1678 499 1744 XXIX
532 1683 657 1743 exstat.
704 1676 761 1742 Ibi
795 1677 833 1742 in
868 1676 1027 1743 Parisino
1063 1676 1158 1764 (pag.
1192 1678 1246 1743 27.
1260 1683 1307 1758 23)
1342 1677 1430 1743 haec

258 1787 441 1872 leguntur:
480 1807 580 1871 ,cum
615 1790 731 1849 autem
765 1783 900 1849 venerit
931 1782 1089 1849 Christus
1118 1805 1180 1848 rex
1211 1783 1430 1850 aeternitatis
1557 1853 1558 1892 ,

259 1915 353 1959 oum
368 1891 584 1957 fiduciam
601 1890 702 1978 regni
719 1890 781 1974 sui,
798 1889 872 1977 ipse
888 1889 1014 1955 iterum
1030 1891 1206 1977 procedet,
1224 1896 1263 1954 ut
1279 1891 1427 1976 psallat“

259 2006 336 2082 etc,
366 1997 491 2085 quibus
519 1998 556 2062 in
587 1997 722 2063 Graeco
751 1997 837 2062 haeo
868 1997 1096 2084 respondent:
1132 1990 1186 2062 lire
1218 1985 1271 2062 οὖν
1301 1994 1383 2085 ’ἔλθῃ
1414 1991 1431 2064 ὃ

261 2104 403 2192 Χριστὸς
437 2101 468 2170 ἒν
503 2114 541 2192 τῇ
576 2105 703 2191 δευτέρᾳ
738 2094 836 2168 αυτοῦ
870 2108 1046 2191 παρουσίᾳ,
1082 2096 1178 2180 αὐτὸς
1211 2102 1245 2169 δὲ
1279 2097 1296 2168 ὃ
1329 2103 1433 2169 Δαυίδ

261 2209 420 2299 ἐξέρχεται
443 2209 501 2276 σὺν
523 2219 607 2276 πᾶσι
634 2219 703 2288 τοῖς
726 2203 843 2295 ἁγίοις.
881 2208 974 2274 Illud
1003 2209 1212 2276 vocabulum
1245 2209 1430 2296 „fiducia“,
1557 2219 1558 2276 l

261 2319 354 2407 quod
384 2316 562 2383 Parisinus
593 2315 751 2400 exhibet,
782 2315 843 2381 vix
873 2321 989 2403 potest
1019 2315 1135 2382 sensui
1163 2316 1430 2401 accommodari,
1557 2405 1558 2410 γ

261 2425 381 2512 itaque
405 2447 448 2489 ex
471 2424 558 2490 miro
583 2422 785 2511 interpretis
809 2445 923 2489 errore
947 2422 1145 2488 intextum
1169 2422 1313 2489 fluxisse
1336 2423 1431 2488 vide-

261 2538 336 2615 tur,
372 2553 451 2597 oum
486 2530 697 2596 vocabulum
726 2535 906 2617 παρουσία,
942 2530 1033 2617 quod
1069 2529 1106 2594 in
1137 2529 1272 2596 Graeco
1305 2536 1431 2614 exstat,

263 2637 462 2704 confuderit
497 2659 576 2703 cum
609 2641 782 2724 παρρησία.
834 2636 929 2715 Quae
964 2637 1166 2703 coniectura
1201 2635 1433 2703 confirmatur
1557 2621 1558 2624 ¹

260 2745 339 2810 looo
365 2765 439 2831 cap.
457 2743 524 2828 III,
548 2743 607 2809 ubi
630 2748 793 2833 παρρησία
815 2742 853 2809 in
875 2743 1009 2810 Graeco
1034 2742 1186 2810 occurrit
1209 2749 1244 2808 et
1267 2742 1325 2808 hio
1349 2764 1433 2830 quo-

260 2873 328 2938 que
353 2852 396 2917 ab
420 2851 611 2939 interprete
634 2851 806 2918 vocabulo
834 2850 1005 2937 „fiducia“
1032 2851 1243 2916 translatum
1267 2855 1329 2917 est.

830 3047 861 3112 2.

366 3171 432 3237 His
450 3171 619 3259 expositis
641 3171 712 3237 iam
732 3171 928 3238 accedimus
948 3173 993 3238 ad
1012 3173 1159 3238 alteram
1180 3171 1432 3258 quaestionem,
1557 3195 1558 3240 l

261 3300 349 3367 quae
373 3278 440 3344 hac
463 3278 578 3367 priore
606 3285 706 3366 parte
737 3279 838 3345 nobis
867 3280 1053 3345 tractanda
1086 3285 1147 3345 est.
1195 3278 1308 3366 Supra
1338 3279 1432 3344 enim

260 3384 447 3452 nonnullos
471 3391 589 3451 textus
612 3384 759 3451 Latinos
790 3385 1151 3468 commemoravimus,
1184 3407 1271 3471 quos
1295 3407 1315 3450 a
1340 3407 1433 3451 oom-

260 3493 445 3582 paratione
480 3493 707 3577 exclusimus,
747 3515 826 3559 eum
861 3492 970 3558 nimia
1006 3498 1160 3558 exstaret
1194 3491 1432 3579 discrepantia

260 3600 352 3665 inter
374 3598 439 3666 hos
461 3598 568 3666 libros
600 3606 635 3665 et
659 3621 727 3684 eos,
757 3601 800 3665 de
830 3600 955 3688 quibus
987 3622 1092 3687 supra
1123 3598 1267 3687 egimus.
1316 3601 1430 3680 Quare

260 3729 353 3773 nunc
385 3705 486 3773 nobis
520 3712 648 3791 restat,
684 3712 725 3772 ut
754 3707 796 3771 de
827 3706 882 3773 his
912 3705 1065 3772 textibus
1096 3705 1232 3772 Latinis
1264 3705 1431 3773 iudicium

260 3814 444 3882 faciamus.

367 3919 578 3986 Brandesius
613 3941 705 3986 anno
739 3921 824 3987 1885
854 3921 967 3987 Halae
1003 3920 1119 3986 emisit
1153 3919 1281 3985 librum
1314 3919 1431 4007 ,Visio

260 4050 285 4094 s.
322 4027 443 4094 Pauli“
484 4025 701 4114 inscriptum.
749 4027 824 4106 Quo
861 4027 899 4093 in
934 4027 1101 4116 opusculo
1137 4026 1292 4094 diversas
1329 4050 1433 4115 quae·

260 4134 392 4200 stiones
411 4133 597 4200 tractavit:
621 4133 773 4221 primum
790 4134 928 4200 disserit
944 4140 1067 4201 auctor
1087 4135 1129 4200 de
1148 4134 1238 4202 libro
1255 4134 1432 4222 primario,
1481 4214 1487 4228 ι

261 4241 384 4307 deinde
400 4240 509 4307 refert
525 4242 567 4306 de
590 4240 768 4307 nonnullis
784 4241 940 4308 textibus
956 4240 1103 4327 Latinis,
1127 4264 1275 4330 quorum
1292 4242 1432 4329 quidem

261 4349 347 4416 duos
379 4348 509 4414 ibidem
540 4347 665 4434 edidit,
697 4355 873 4436 postremo
904 4348 1054 4436 denique
1086 4349 1162 4438 agit
1193 4350 1235 4416 de
1265 4349 1433 4417 versioni·
