3148 5108
761 446 959 514 ,3ο-

277 639 370 728 ,vidi
404 639 539 706 flumen
574 646 770 706 currentem
802 640 856 708 lao
888 650 924 709 et
952 643 1041 709 mel“
1075 645 1200 734 (Paris.
1233 651 1284 717 ed.
1314 652 1452 720 Jamea
1556 705 1557 722 t

273 770 354 835 pag.
379 747 431 813 22.
445 747 505 834 30).
552 746 638 812 Inde
670 747 800 814 Paulus
832 758 867 814 et
895 750 1041 838 angelus
1067 755 1264 841 procedunt
1295 757 1331 823 in
1362 760 1453 826 eivi-
1556 775 1557 808 l

272 862 383 921 tatem
407 854 546 939 Christi,
570 876 634 941 per
656 877 762 941 quam
786 855 905 922 fluunt
929 864 1097 945 quattuor
1118 860 1281 930 flumina.
1328 866 1450 954 Prope
1556 841 1557 918 l

272 983 554 1050 unumquemque
593 960 744 1027 fluvium
782 961 864 1029 iusti
903 971 1104 1050 versantur,
1145 967 1205 1053 qui
1245 973 1450 1058 apostolum

271 1071 443 1153 salutant;
469 1075 574 1156 atque
591 1068 685 1154 apud
708 1067 843 1134 flumen
866 1069 941 1135 vini
965 1071 997 1136 ei
1020 1082 1208 1141 ooonrrunt
1231 1077 1447 1165 ,Abraham,

271 1177 388 1244 Ysaao
412 1182 447 1242 et
469 1176 583 1243 Jacob
608 1196 648 1240 ae
672 1174 767 1240 Loth
789 1198 928 1243 neonon
952 1184 988 1243 et
1010 1179 1081 1246 Job
1104 1181 1276 1269 multique
1303 1190 1445 1272 patres“
1557 1183 1558 1198 ¹

271 1285 441 1375 (Brandes
465 1305 546 1371 pag.
572 1282 694 1371 7025).
741 1283 993 1371 comparantes
1022 1291 1140 1353 textus
1168 1288 1291 1376 plenos
1315 1291 1384 1358 Lot
1408 1301 1447 1359 et

270 1394 340 1461 Job
364 1414 435 1458 non
459 1390 656 1456 invenimus
681 1397 970 1458 commemoratos
992 1392 1059 1458 nisi
1090 1393 1127 1459 in
1157 1394 1247 1462 libro
1271 1398 1445 1485 Parisino,
1557 1387 1558 1394 ἵ

270 1500 307 1566 in
331 1521 399 1587 quo
424 1497 511 1563 haee
535 1502 692 1563 exstant:
721 1496 842 1582 ,duxit
865 1519 931 1583 me,
955 1498 1016 1564 ubi
1040 1507 1116 1566 erat
1139 1501 1274 1569 flumen
1298 1505 1381 1590 vini,
1406 1513 1445 1572 et

269 1605 343 1674 vidi
366 1604 438 1672 illie
462 1604 628 1687 Abraam,
659 1603 789 1670 Hisaao
821 1610 857 1669 et
880 1606 1004 1690 Jaeob,
1034 1606 1105 1672 Lot
1135 1614 1170 1672 et
1193 1609 1264 1697 Jop
1296 1617 1332 1675 et
1355 1611 1443 1679 alios

269 1713 429 1782 sanotos“
461 1710 585 1800 (Paris.
618 1710 670 1776 ed.
700 1711 830 1777 James.
861 1734 942 1798 pag.
973 1713 1026 1780 26.
1038 1713 1080 1799 6).
1128 1714 1263 1781 Deinde
1294 1719 1443 1805 angelus

269 1820 366 1887 duoit
389 1818 588 1907 apostolum
612 1816 648 1880 in
671 1816 823 1882 mediam
852 1817 1048 1904 civitatem,
1080 1820 1142 1886 ubi
1170 1822 1293 1888 vident
1322 1826 1442 1892 David
1558 1821 1559 1844 ¹

267 1950 387 2014 regem
416 1948 526 2015 prope
557 1923 668 1990 altare
692 1928 844 1989 stantem
872 1930 978 2010 atque
1010 1926 1191 2012 ,alleluia“
1226 1936 1440 2000 cantantem.

267 2033 469 2122 Explicatio
493 2031 596 2098 huius
619 2029 793 2115 venabuli,
818 2031 968 2118 quaein
992 2032 1090 2099 libris
1111 2033 1223 2121 plenis
1248 2037 1437 2125 invenitur,

267 2143 364 2208 deest
387 2140 424 2205 in
448 2139 674 2225 Fragmento.
721 2138 776 2202 Ex
799 2137 944 2224 regione
966 2140 1150 2207 beatorum
1173 2142 1303 2210 Paulus
1333 2168 1438 2233 super

268 2270 437 2316 ooeanum
462 2247 505 2312 ad
530 2245 608 2311 looa
631 2244 771 2310 inferna
795 2244 944 2310 duoitnr.
990 2245 1148 2313 Primum
1170 2249 1268 2315 videt
1290 2251 1438 2334 flumen,

267 2357 304 2422 in
328 2377 397 2443 quo
425 2359 627 2441 peooatoros
656 2350 802 2417 demersi
833 2357 930 2434 sunt;
962 2359 1067 2440 atque
1094 2353 1161 2421 hae
1184 2356 1221 2420 in
1247 2380 1285 2422 re
1313 2359 1438 2425 descri-

211 2523 213 2530 s
266 2463 381 2530 benda
404 2461 659 2545 Fragmentum
687 2459 814 2525 iterum
839 2459 1014 2525 consentit
1038 2483 1116 2527 oum
1141 2467 1242 2529 textu
1265 2464 1436 2533 Parisino,

267 2570 380 2657 Supra
416 2567 509 2633 enim
544 2568 637 2653 (pag.
672 2565 725 2653 17)
759 2565 1006 2633 adnotavimus
1039 2566 1075 2631 in
1108 2568 1245 2636 Graeeo
1278 2578 1313 2636 et
1346 2572 1436 2661 Syro

266 2677 335 2743 tria
369 2681 509 2741 tantum
543 2678 769 2760 peecatorum
804 2693 934 2757 genera
970 2695 1042 2739 esse
1073 2685 1363 2764 commemorata,
1399 2680 1437 2745 in
1560 2737 1561 2740 ,

265 2781 425 2850 Parisino
442 2786 618 2867 quattuor,
636 2784 741 2865 atque
758 2778 956 2845 Parisinam
971 2780 1159 2848 lectionem
1175 2805 1248 2849 esse
1264 2785 1436 2852 veriorem

264 2913 358 2957 nuno
381 2889 508 2954 iterum
525 2885 769 2973 eognoseimus
792 2908 835 2950 ex
860 2908 1030 2952 eonsensu
1047 2889 1263 2975 Fragmenti.
1299 2892 1435 2959 Deinde

265 3004 380 3065 oetera
403 3001 579 3062 tormenta
607 2991 852 3059 deseribuntur
880 2994 1000 3059 eodem
1031 2995 1152 3062 ordine
1183 3003 1288 3084 atque
1318 3001 1434 3084 modo,

263 3128 367 3193 quem
396 3101 574 3169 Parisinus
604 3099 757 3184 exhibet,
789 3100 967 3187 usquead
997 3101 1107 3168 finem
1138 3127 1214 3192 eap.
1239 3107 1433 3194 XXXVII,

262 3212 324 3280 ubi
346 3208 553 3296 Fragmenti
576 3206 731 3273 narratio
756 3206 984 3295 abrumpitur.

368 3319 447 3383 Hac
483 3313 746 3402 comparatione
784 3313 891 3380 finita
928 3322 1056 3400 restat,
1095 3323 1136 3383 ut
1174 3320 1433 3387 eonolusionem

261 3426 434 3494 faciamus
463 3423 564 3488 etde
594 3427 695 3486 textu
725 3420 885 3486 Parisino
917 3428 953 3486 et
984 3422 1025 3487 do
1056 3423 1271 3512 Fragmento
1302 3427 1434 3495 Vindo-

261 3531 417 3601 bonensi.
464 3530 542 3596 Hoo
577 3550 686 3593 unum
722 3534 840 3593 autem
874 3530 1173 3615 praemonendum
1204 3554 1277 3599 esse
1308 3556 1432 3601 oenseo

261 3642 515 3727 Fragmentum
546 3634 689 3700 minime
719 3635 913 3722 dependere
943 3658 963 3700 a
993 3643 1094 3702 textu
1125 3639 1305 3723 Parisino;
1339 3648 1432 3708 uter-

261 3770 328 3837 que
361 3745 453 3811 enim
487 3743 577 3808 liber
606 3741 785 3829 propriam
819 3740 927 3807 habet
957 3742 1147 3809 dictionem
1178 3756 1284 3832 atque
1314 3753 1432 3815 textus

260 3857 327 3921 hae
357 3853 394 3918 in
424 3873 461 3916 re
492 3850 578 3916 adeo
609 3848 702 3914 inter
732 3871 767 3915 se
800 3847 1016 3936 discrepant,
1052 3858 1092 3916 ut
1123 3873 1249 3939 operae
1279 3854 1431 3941 pretium

259 3985 331 4029 non
355 3982 428 4027 esse
450 3957 615 4024 videatur
643 3954 679 4020 id
711 3955 878 4042 exemplis
910 3957 1087 4043 congestis
1118 3958 1309 4046 affirmare,
1341 3985 1431 4049 quae

258 4069 364 4135 faoile
383 4090 426 4132 ex
443 4061 707 4153 eomparatione
732 4062 952 4149 colligantur.
989 4062 1065 4129 Iam
1089 4072 1130 4130 ut
1153 4065 1195 4130 de
1213 4066 1429 4154 Fragmento

258 4175 427 4243 iudioium
449 4171 597 4238 faeiem:
632 4170 857 4235 statuendum
881 4177 933 4236 est
956 4169 1045 4234 nihil
1068 4171 1142 4236 fere
1167 4172 1333 4241 omissum
1357 4198 1430 4243 esse

230 4327 233 4334 ·
259 4284 352 4373 quod
374 4281 413 4346 in
444 4278 637 4365 archetypo
669 4275 812 4344 exstitit.
860 4276 903 4341 In
933 4276 1031 4343 libris
1062 4277 1174 4365 plenis
1205 4303 1289 4347 sane
1318 4284 1430 4350 multa

258 4390 364 4457 latius
388 4393 423 4454 et
445 4385 557 4452 fusius
580 4389 844 4472 pertractantur
867 4405 972 4469 quam
999 4383 1037 4449 in
1060 4385 1286 4475 Fragmento,
1311 4390 1370 4455 sed
1394 4391 1430 4460 id
