3148 5108
733 450 929 520 ,20-

247 647 335 714 liber
358 645 583 735 neglegentia
610 645 743 713 librarii
772 669 844 713 non
874 647 1013 735 integer
1042 655 1095 714 est
1125 654 1294 733 servatus,
1324 650 1418 737 quod

246 753 352 820 facile
376 755 574 820 declaratur
597 776 640 819 ex
663 754 779 820 verbis
806 764 907 841 χαῖρε,
939 757 1056 835 Παῦλε,
1087 747 1233 844 ἅγαττητλ
1255 765 1313 822 τοῦ
1335 761 1418 822 θεοῦ

246 861 406 950 repetitis
437 862 497 947 (cf.
533 860 644 928 Paris,
680 861 733 926 ed.
764 862 894 929 James.
927 883 1008 949 pag.
1041 863 1094 927 38.
1106 879 1148 934 23.
1168 865 1226 945 36).
1273 862 1341 929 Sed
1373 885 1418 928 ne

247 975 371 1035 auctor
405 967 545 1055 quidem
580 967 682 1034 huius
718 966 799 1034 libri
834 969 878 1034 ab
914 974 1028 1034 errato
1060 967 1127 1034 sibi
1156 969 1267 1052 cavit;
1304 969 1417 1057 prima

247 1075 340 1141 enim
376 1074 502 1163 capitis
536 1073 644 1140 verba
679 1074 763 1141 satis
799 1075 891 1140 clare
927 1076 1185 1161 demonstrant,
1222 1077 1316 1162 quod
1347 1076 1418 1141 iam

247 1205 353 1270 supra
374 1182 512 1270 saepius
528 1180 723 1264 statuimus,
749 1187 927 1248 auctorem
946 1204 989 1246 ex
1005 1181 1150 1248 libidine
1166 1182 1274 1248 verba
1299 1183 1418 1248 arche-

246 1289 325 1378 typi
348 1296 517 1372 mutasse;
542 1288 672 1375 legitur
695 1287 805 1353 enim:
831 1285 879 1354 'e'u
902 1287 1025 1355 τούτων
1047 1288 1250 1356 λαλούντων.
1276 1339 1284 1355 .
1309 1288 1419 1356 ,εἶδον

247 1391 361 1475 ἄλλους
382 1407 468 1485 τρεῖς
492 1390 615 1484 ἄνδρας,
639 1417 729 1482 quae
744 1394 852 1461 verba
877 1394 1110 1462 offensionem
1133 1396 1313 1484 praebent,
1339 1418 1418 1462 cum

248 1510 352 1569 antea
388 1502 499 1569 Maria
534 1502 608 1569 sola
643 1524 723 1568 cum
753 1502 864 1568 Paulo
900 1502 945 1569 sit
978 1502 1115 1583 locuta3
1151 1503 1270 1591 itaque
1305 1525 1418 1590 neque

246 1608 356 1676 verba
372 1608 495 1676 τούτων
510 1607 690 1675 λαλούντων
705 1630 818 1695 neque
834 1602 948 1687 ἄλλους
963 1603 1077 1697 ἄνδρας
1093 1610 1130 1674 in
1146 1609 1234 1676 libro
1251 1609 1417 1698 primario

248 1716 403 1783 extitisse
437 1725 547 1805 patet.
601 1716 725 1782 Paullo
760 1722 841 1803 post
875 1714 945 1781 alia
979 1715 1148 1782 librorum
1184 1716 1418 1804 discrepantia

248 1823 416 1907 occurrit;
452 1822 631 1889 Parisinus
659 1822 752 1888 enim
775 1829 897 1889 narrat
919 1822 1014 1888 viros
1038 1823 1181 1888 nomina
1213 1846 1275 1890 sua
1306 1823 1417 1890 Paulo

247 1930 419 1996 indicasse
446 1931 508 2017 ,de
532 1930 659 1996 Ruben
683 1952 792 2018 usque
815 1929 1035 2015 Beniamin“,
1064 1929 1220 1997 Graecus
1243 1953 1326 1997 vero
1350 1923 1419 1997 ἀπὸ

246 2030 397 2124 Ἀβραὰμ
422 2035 482 2115 ἕως
504 2046 671 2124 Μανασσῆ.
711 2036 807 2115 Quae
831 2036 1034 2103 differentia
1057 2036 1206 2104 fortasse
1229 2037 1279 2103 ita
1302 2044 1420 2125 potest

248 2144 426 2233 explicari,
457 2149 497 2209 ut
524 2148 719 2209 statuamus
750 2142 787 2207 in
814 2164 855 2208 eo
887 2143 1092 2231 archetype,
1125 2167 1167 2209 ex
1196 2166 1263 2231 quo
1296 2151 1420 2210 auctor

248 2250 376 2317 Graeci
405 2249 486 2317 libri
516 2249 643 2333 hausit,
676 2249 792 2333 verba,
825 2271 914 2336 quae
943 2271 1048 2336 supra
1075 2250 1317 2335 indicavimus,
1347 2250 1418 2316 iam

249 2358 375 2425 omissa
392 2357 516 2440 fuisse,
535 2362 621 2422 tunc
636 2376 720 2421 vero
736 2356 844 2421 verba
863 2356 925 2442 ,de
938 2355 1065 2421 Ruben
1080 2377 1189 2443 usque
1209 2356 1416 2422 Beniamin“

249 2463 392 2530 minime
415 2469 581 2551 poterant
604 2463 748 2528 tolerari
777 2462 814 2526 in
838 2467 1016 2546 contextu,
1048 2484 1154 2550 quare
1187 2469 1310 2529 auctor
1340 2486 1419 2530 cum

248 2577 304 2637 tot
327 2571 396 2637 alia
413 2576 489 2635 tum
505 2568 593 2634 haec
609 2590 748 2655 quoque
764 2569 870 2660 verba
893 2591 936 2634 ex
952 2590 1014 2634 suo
1031 2568 1176 2636 arbitrio
1194 2571 1419 2657 permutavit.

354 2694 398 2760 In
422 2716 498 2783 cap.
526 2693 575 2758 IL
604 2699 744 2781 praeter
773 2715 832 2760 eos
855 2693 975 2778 iustos,
1000 2693 1060 2780 qui
1084 2692 1120 2758 in
1148 2694 1284 2761 Graeco
1308 2695 1420 2761 nomi-

247 2807 387 2887 nantur,
412 2800 519 2866 etiam
543 2800 612 2866 Lot
636 2806 671 2865 et
693 2800 765 2867 Job
788 2799 826 2864 in
856 2822 995 2866 scenam
1024 2800 1180 2888 prodisse
1211 2823 1253 2867 ex
1277 2823 1420 2867 consen·

248 2910 346 2976 sione
381 2906 532 2974 Parisini
566 2913 602 2972 et
637 2906 718 2994 Syri
753 2906 982 2975 concluditur.
1029 2907 1189 2994 Denique
1224 2908 1261 2974 in
1297 2908 1419 2975 ultimo

249 3015 365 3104 capite
389 3014 485 3081 Elias
509 3019 545 3079 et
568 3014 727 3079 Elisaeus
751 3020 949 3098 occurrunt,
981 3036 1044 3102 pro
1075 3013 1200 3101 quibus
1223 3015 1260 3079 in
1285 3014 1420 3082 Graeco

249 3122 373 3188 Enoch
397 3128 432 3187 et
455 3120 552 3186 Elias
576 3126 902 3186 commemorantur.
950 3121 1076 3208 Syram
1106 3143 1190 3188 vero
1220 3121 1419 3207 lectionem,

249 3251 399 3318 quacum
416 3219 576 3294 Parisina
593 3226 777 3311 consentit,
794 3227 1062 3314 praeferendam
1079 3249 1151 3294 esse
1167 3226 1238 3294 iam
1254 3227 1419 3294 Tischen-

249 3335 383 3402 dorfius
418 3335 503 3401 olim
538 3335 769 3416 adnotavit.¹)
820 3333 1001 3400 Parisinus
1036 3341 1071 3399 et
1106 3334 1261 3400 Graecus
1296 3335 1420 3402 iisdem

248 3444 364 3510 verbis
387 3441 601 3509 narrationis
624 3440 733 3506 finem
757 3440 904 3506 faciunt.
951 3441 1020 3506 Hic
1044 3463 1127 3528 ergo
1154 3465 1191 3507 re
1221 3465 1305 3508 vera
1337 3465 1420 3530 apo-

249 3549 421 3638 calypsim
445 3570 518 3614 esse
541 3546 684 3612 finitam
715 3554 849 3613 certum
872 3554 941 3630 est;
977 3548 1014 3613 in
1038 3548 1135 3636 Syris
1166 3547 1264 3615 libris
1295 3549 1419 3615 deinde
1520 3535 1522 3544 ’

155 3707 156 3710 ¹
248 3656 370 3745 paucis
395 3654 535 3721 additur
551 3653 701 3719 Paulum
725 3655 769 3719 ad
793 3676 828 3720 se
852 3654 980 3720 redisse
997 3662 1102 3742 atque
1127 3655 1243 3723 omnia
1268 3655 1419 3741 scivisse,

249 3785 338 3852 quae
362 3762 429 3828 sibi
452 3768 553 3828 erant
576 3762 741 3826 revelata.

355 3889 547 3975 Postquam
570 3893 625 3953 tot
640 3886 809 3952 librorum
833 3887 928 3953 locos
947 3886 983 3951 in
1000 3886 1300 3974 comparationem
1316 3909 1419 3953 voca-

248 3996 380 4079 vimuS,
415 4000 542 4078 restat,
581 4000 622 4058 ut
655 3992 822 4059 iudicium
857 3993 1030 4058 faciamus
1064 3993 1106 4057 de
1141 3992 1287 4080 singulis
1320 3994 1420 4061 libris

249 4109 354 4190 atque
378 4103 421 4167 de
445 4101 649 4188 archetypo.
695 4097 749 4165 Ac
779 4099 930 4187 primum
960 4098 1100 4186 quidem
1130 4120 1185 4164 me
1215 4100 1420 4186 probavisse

249 4209 351 4275 credo
384 4207 473 4272 nihil
508 4207 580 4272 fere
611 4207 648 4270 in
683 4207 818 4272 Graeco
854 4212 890 4271 et
925 4205 1013 4291 Syro
1048 4205 1217 4290 inveniri,
1252 4209 1346 4294 quod
1381 4208 1419 4273 in
1518 4197 1538 4228 ⁵

358 4405 383 4476 l)
403 4401 442 4456 cf.
461 4398 727 4456 Tischendorf
746 4399 765 4453 l.
783 4400 803 4454 1.
822 4416 889 4472 pag.
909 4402 952 4454 68.
