3148 5108
734 420 915 484 -54-

235 615 309 681 buli
331 615 368 679 in
391 615 459 679 hoc
482 620 583 679 textu
606 620 659 680 est
672 618 784 701 Jtlles:
816 617 961 682 Miserere
983 617 1077 698 nolis,
1100 617 1193 700 filius
1220 617 1271 684 elei
1291 616 1344 680 35.
1354 624 1410 698 253

236 726 389 806 Miserere,
405 725 498 808 filius
520 724 571 788 elei
591 725 701 789 excelse
718 721 770 786 36.
783 731 816 804 3;
841 723 1054 789 Benedielmue
1075 731 1110 806 te,
1127 725 1219 808 filius
1234 724 1410 790 (16131121.

343 829 430 893 Oum
453 853 484 895 m
508 827 627 892 finalis
652 865 694 876 -
717 833 757 892 ut
781 849 886 914 supra
910 826 981 893 iam
1005 828 1276 894 commemoravi
1293 868 1335 878 -
1352 829 1412 894 his

235 933 450 1022 temporibus
470 933 556 998 nihil
573 934 708 998 valeret
731 940 767 997 et
790 959 807 1002 e
830 940 866 998 et
888 958 910 1000 u
933 933 1072 999 litterae
1097 935 1411 1019 confunderentur,

235 1042 316 1107 fieri
339 1064 410 1107 non
433 1039 561 1129 potuit,
593 1039 677 1127 quin
707 1062 820 1106 accus.
845 1046 881 1105 et
911 1039 980 1106 abl.
1006 1039 1095 1126 sing.
1119 1040 1158 1105 II
1180 1040 1268 1106 decl.
1300 1040 1412 1106 inter-

236 1148 319 1214 dum
341 1153 633 1235 permutarentur.
681 1146 854 1233 Exempla
886 1152 967 1210 sunt
990 1144 1094 1211 haec:
1129 1151 1163 1212 lrr
1193 1151 1316 1235 qualem
1345 1151 1414 1215 Ioco

236 1258 391 1322 ducuntur
415 1255 510 1336 15.2;
546 1258 579 1320 ire
610 1256 670 1320 loeo
699 1256 781 1320 lunc
811 1253 923 1335 25.31;
959 1276 1053 1341 resque
1076 1254 1119 1318 cd
1141 1255 1259 1319 X11m⁰
1282 1276 1413 1320 murum

236 1362 350 1443 26.28;
374 1384 468 1446 super·
490 1363 616 1427 obelisco
639 1364 761 1446 lyaeum
786 1360 892 1424 3123.
939 1358 1127 1424 Praeterea
1158 1381 1230 1425 non
1263 1366 1316 1425 est
1346 1360 1412 1426 du-

235 1467 343 1550 bium,
367 1465 451 1552 quin
475 1486 556 1553 pag.
582 1465 675 1530 ll.12
699 1486 778 1530 cum
795 1466 865 1529 ml
890 1464 1110 1531 scribendum
1126 1465 1172 1530 sit
1185 1467 1412 1551 fundamento,

237 1595 319 1638 nam
354 1571 541 1657 singularis
577 1578 613 1635 61
647 1570 683 1634 in
718 1569 846 1637 Latino
885 1578 986 1637 textu
1022 1570 1119 1659 (pag.
1157 1570 1266 1658 nne)
1301 1579 1337 1637 et
1371 1572 1412 1636 in

238 1679 374 1744 Graeco
399 1676 466 1759 (τὸν
489 1678 656 1760 θεμέλιον)
680 1676 862 1764 reperitur.

344 1782 431 1849 Gen.
456 1783 545 1870 plur.
570 1782 734 1848 vocabuli
748 1784 877 1869 fructus
901 1782 1006 1847 semel
1022 1782 1131 1847 habet
1153 1781 1304 1849 formam
1328 1805 1413 1849 con-

237 1896 403 1956 tractam:
418 1890 564 1975 fluctum
589 1890 693 1955 13.12.

346 1996 432 2062 Gen.
457 1995 545 2082 sing.
569 1995 602 2062 V
625 1996 711 2062 decl.
736 1995 869 2061 exitum
893 1996 1000 2061 habet
1023 1995 1060 2059 in
1083 2019 1118 2062 e:
1140 1997 1337 2083 resrlqerr'um
1360 1999 1415 2064 elle

238 2109 309 2171 ulus
332 2103 444 2184 36.2e;
470 2107 551 2171 locus
571 2104 799 2190 9166163133.

346 2208 555 2297 Saepissime
579 2208 616 2273 in
640 2207 820 2274 vocabulis
843 2208 899 2272 III
930 2208 1015 2275 decl.
1039 2213 1053 2274 i
1079 2214 1113 2273 et
1137 2233 1151 2275 e
1175 2208 1310 2275 litteras
1333 2231 1413 2297 per-

238 2322 393 2382 mutatas
417 2337 490 2381 esse
507 2337 612 2401 supra
628 2315 699 2380 iam
723 2314 942 2380 dictumest.
982 2314 1117 2399 Restat,
1142 2321 1182 2379 ut
1206 2315 1292 2381 duos
1314 2314 1414 2383 locos

240 2443 525 2488 commemorem:
562 2425 643 2490 locus
669 2425 768 2510 ylacr'e
799 2432 827 2490 el
847 2426 915 2488 reive
938 2422 1051 2504 31.ee;
1086 2424 1180 2489 nubes
1203 2445 1319 2509 meque
1341 2428 1415 2511 lyae

241 2529 292 2594 16.
303 2538 330 2596 4.
369 2527 451 2593 Non
475 2534 592 2614 potest
616 2527 779 2611 dubitari,
804 2527 888 2615 quin
911 2532 979 2594 nive
1002 2534 1037 2593 61
1060 2532 1130 2615 lyae
1153 2527 1223 2594 sint
1244 2528 1413 2614 genetivi,

239 2633 444 2722 praesertim
468 2656 548 2699 cum
571 2633 638 2698 hae
661 2633 795 2699 formae
826 2657 870 2699 ne
893 2634 931 2699 in
954 2633 1031 2699 aliis
1061 2633 1201 2721 quidem
1233 2635 1331 2702 libris
1358 2635 1414 2700 in-

238 2741 345 2806 fimae
370 2739 496 2806 aetatis
519 2762 619 2805 rarae
643 2739 753 2827 sint.²)
799 2741 983 2828 Exempla,
1011 2763 1100 2828 quae
1124 2740 1161 2805 in
1183 2748 1285 2807 textu
1308 2765 1414 2830 quem

240 2870 303 2914 nos
328 2853 520 2912 tractamus
544 2853 696 2932 exstant,
721 2847 863 2912 facilem
887 2847 1021 2913 habent
1045 2847 1270 2935 explicatum.
1318 2850 1413 2915 Nam

242 2959 334 3018 certe
366 2953 401 3017 in
437 2951 552 3040 priore
589 2953 747 3040 exemplo
784 2953 970 3040 genetivus
1002 2960 1070 3022 reice
1103 2975 1146 3018 ex
1182 2956 1412 3022 antecedente

241 3060 356 3125 forma
378 3062 477 3147 ylaele
500 3065 596 3124 ortus
620 3065 682 3125 661.
730 3059 924 3126 Genetivus
955 3065 1024 3148 lyce
1048 3059 1191 3127 alterius
1215 3060 1367 3149 exempli
1391 3085 1413 3128 a

243 3167 416 3232 vocabulo
441 3189 484 3230 ex
507 3165 627 3231 littera
649 3190 664 3234 6
686 3165 876 3254 incipiente
901 3165 1090 3254 excipitur;
1127 3188 1232 3254 quam
1255 3190 1329 3233 rem
1353 3167 1413 3234 ob·

240 3273 448 3339 servandam
472 3295 544 3338 esse
568 3272 688 3338 docuit
710 3273 756 3338 M.
781 3273 931 3358 Bonnet,
963 3273 1032 3359 qui,
1063 3279 1249 3361 postquam
1273 3274 1413 3361 singula

241 3379 343 3446 huius
367 3378 524 3466 genetivi
548 3380 718 3466 exempla,
750 3402 839 3466 quae
871 3381 963 3466 apud
995 3379 1204 3467 Gregorium
1234 3380 1413 3447 Turonen-

241 3511 313 3554 sem
337 3493 488 3570 exstant,
513 3485 743 3570 enumeravit,
768 3486 855 3551 haec
872 3485 958 3552 dicit
967 3486 1011 3574 1);
1039 3487 1090 3572 „11
1107 3486 1273 3552 convient
1288 3509 1413 3575 cepen-

241 3596 327 3660 dant
367 3594 565 3660 d'observer
603 3615 669 3679 que
712 3593 800 3659 dans
838 3594 929 3658 deux
967 3593 1027 3658 des
1065 3615 1122 3658 cas
1161 3592 1245 3658 cites
1285 3593 1326 3660 l'e
1359 3605 1414 3660 est

241 3699 333 3766 suivi
356 3701 399 3765 (16
422 3705 514 3765 mots
538 3705 782 3786 commencant
805 3722 869 3786 par
891 3724 915 3767 6.
955 3699 1038 3765 1166
1054 3698 1214 3788 pourrait
1230 3721 1297 3786 que
1321 3707 1413 3766 cette

240 3832 256 3876 6
278 3806 495 3895 representat
518 3807 578 3874 es.“

347 3913 480 3978 Multae
505 3911 653 3999 denique
685 3911 821 3978 formae
844 3918 1030 4000 propterea
1061 3912 1150 3978 falso
1182 3919 1263 3979 sunt
1293 3913 1412 4000 fictae,

241 4020 324 4108 quia
348 4018 600 4085 declinationes
625 4018 940 4084 confundebantur.

350 4237 375 4302 1)
394 4233 432 4292 cf.
453 4232 711 4291 lubainville
729 4232 748 4286 l.
767 4231 785 4286 1.
805 4249 871 4305 pag.
891 4234 982 4299 eosq.

349 4325 376 4395 2)
394 4323 434 4378 M.
452 4324 609 4378 Bonnet
627 4321 646 4377 1.
665 4321 684 4375 1.
703 4338 770 4394 pag.
790 4324 851 4378 343.
