3148 5108
776 448 972 514 -14-

288 649 382 708 recte
416 642 624 709 iudicavisse
663 644 803 710 videtur
838 643 924 709 haec
967 667 987 710 a
1022 644 1112 733 Syro
1154 645 1344 734 interprete
1387 670 1460 713 esse

288 750 418 816 addita.
428 751 451 838 ¹)

393 875 476 962 Gap.
494 875 602 941 XVII
622 875 801 942 Parisinus
822 885 858 941 et
880 875 1035 942 Graecus
1051 877 1136 942 satis
1157 877 1249 942 inter
1265 900 1300 943 se
1317 899 1460 966 respon-

287 982 380 1048 dent.
428 981 536 1070 Syrus
553 990 671 1049 autem
695 982 836 1049 brevior
851 989 903 1048 est
926 1006 1039 1070 neque
1055 992 1190 1049 rectum
1210 1007 1283 1050 sese
1300 986 1459 1072 praebet;

287 1111 328 1154 ac
351 1089 503 1176 primum
534 1088 673 1177 quidem
698 1089 816 1155 anima
848 1090 905 1155 hio
930 1097 1203 1156 commemorata
1234 1091 1356 1156 eadem
1387 1115 1459 1158 esse
1567 1155 1568 1164 ,

286 1202 464 1279 narratur,
496 1217 586 1282 quae
617 1201 722 1261 antea
752 1202 891 1261 mortua
922 1201 990 1279 est,
1028 1198 1121 1283 quod
1152 1197 1281 1263 falsum
1313 1219 1387 1264 esse
1418 1222 1460 1264 ex

285 1301 369 1389 ipsis
393 1301 531 1368 animae
554 1301 705 1389 verbis¹)
739 1301 887 1389 „Sieben
910 1302 1007 1386 Tage
1040 1302 1117 1368 sind
1149 1326 1195 1388 es,
1226 1304 1371 1370 seitdem
1403 1306 1460 1371 ich

286 1431 348 1476 aus
379 1410 527 1476 meinem
552 1409 660 1474 Leibe
684 1409 875 1497 gefahren“
909 1409 1002 1475 clare
1034 1410 1157 1476 elucet.
1205 1412 1295 1476 Item
1318 1411 1356 1476 in
1386 1412 1459 1478 fine

287 1516 412 1605 capitis
436 1516 544 1603 Syrus
568 1515 716 1581 discedit
740 1538 760 1581 a
785 1515 908 1582 ceteris
932 1516 1098 1583 textibus,
1323 1501 1329 1506 ⁶

392 1641 585 1729 Postquam
610 1640 696 1706 haec
721 1640 896 1729 descripta
920 1647 1011 1726 sunt,
1035 1641 1115 1708 libri
1138 1643 1289 1709 Paulum
1314 1644 1358 1709 ad
1381 1644 1459 1710 loca

284 1749 456 1814 iustorum
480 1770 553 1813 esse
578 1748 721 1814 ductum
745 1754 892 1813 narrant
915 1747 1033 1836 ibique
1058 1748 1102 1814 ab
1120 1749 1251 1815 Enoch
1268 1751 1459 1816 salutatum

286 1856 402 1944 (capp.
426 1854 531 1939 XIX,
555 1854 655 1943 XX).
703 1855 891 1920 Praeterea
923 1861 1041 1920 autem
1073 1855 1254 1922 Parisinus
1285 1864 1320 1921 et
1351 1857 1460 1944 Syrus

285 1963 443 2029 referunt
472 1961 588 2027 Eliam
619 1983 756 2049 quoque
788 1963 987 2049 apostolum
1019 1983 1092 2028 esse
1123 1962 1334 2050 amplexum,
1366 1965 1459 2052 quod
1567 2019 1568 2024 ,

285 2069 322 2135 in
339 2069 473 2135 Graeco
497 2090 569 2134 non
592 2067 787 2134 exhibetur.
835 2068 1122 2136 Tischendorfius
1146 2071 1189 2134 ad
1206 2069 1298 2135 hanc
1322 2078 1458 2157 partem
1567 2089 1568 2098 ¹

286 2176 472 2242 adnotavit
487 2175 574 2241 haec
585 2180 628 2258 3);
655 2175 772 2261 „Quae
788 2174 858 2240 iam
875 2182 1077 2263 sequuntur,
1096 2177 1137 2240 de
1154 2199 1215 2242 suo
1232 2175 1459 2264 interpretem
1567 2211 1568 2258 3

285 2283 458 2350 addidisse
481 2289 596 2371 patet;
627 2282 742 2348 Etiam
767 2282 860 2347 enim
883 2281 957 2369 ipse
981 2281 1132 2369 scriptor
1154 2289 1235 2368 post
1258 2283 1397 2349 demum
1421 2283 1457 2348 in

285 2412 425 2455 scenam
442 2390 532 2456 facit
548 2389 718 2477 prodire.“
756 2388 889 2454 Tamen
905 2387 997 2454 hanc
1014 2395 1150 2476 partem
1167 2389 1210 2452 ad
1228 2389 1459 2478 archetypum

286 2504 445 2583 spectare
469 2518 512 2561 ex
536 2495 624 2562 miro
648 2495 850 2583 interpretis
874 2494 1027 2560 Parisini
1058 2516 1173 2561 errore
1204 2503 1368 2583 apparet;
1402 2496 1459 2562 hic

286 2602 380 2668 enim
404 2603 542 2669 nonde
566 2601 645 2668 Elia
670 2603 730 2667 sed
753 2601 795 2666 de
819 2600 900 2668 Sole
923 2602 1031 2667 verba
1055 2601 1153 2685 facit,
1183 2624 1263 2668 cum
1285 2603 1458 2668 vocabula
1567 2631 1568 2648 ¹

285 2711 373 2799 ηλιον
396 2716 432 2776 et
454 2711 545 2797 ηλιαν
570 2708 778 2775 confuderit.

391 2835 524 2904 Deinde
555 2835 591 2899 in
616 2833 752 2900 Graeco
779 2833 913 2919 desunt,
946 2857 1034 2922 quae
1065 2834 1101 2900 in
1125 2835 1276 2902 Parisini
1306 2835 1459 2902 editione

284 2965 365 3031 pag.
397 2943 550 3008 ibo-25
579 2939 817 3006 inveniuntur.
866 2939 934 3006 Sed
965 2940 1055 3006 hanc
1087 2963 1225 3030 quoque
1255 2949 1392 3030 partem
1422 2943 1459 3007 in

285 3049 478 3136 archetypo
496 3047 670 3113 exstitisse
688 3046 777 3111 mihi
793 3053 926 3112 certum
940 3046 1089 3131 videtur,
1107 3069 1186 3113 cum
1198 3070 1308 3113 nexus
1321 3059 1459 3115 senten-

283 3156 412 3222 tiarum
428 3154 466 3219 in
479 3154 615 3219 Graeco
628 3153 771 3218 minime
784 3153 943 3241 placeat;
960 3162 1131 3241 potquam
1148 3155 1241 3220 enim
1254 3154 1304 3219 ibi
1318 3156 1458 3221 arbores

283 3261 478 3348 descriptae
503 3266 594 3344 sunt,
626 3260 758 3326 Paulus
787 3260 1001 3347 interrogat:
1036 3266 1069 3326 τί
1099 3258 1187 3327 ἐστιν
1216 3269 1322 3344 τοῦτο,
1354 3261 1441 3346 κύριε
1448 3290 1459 3342 ,·
1567 3305 1568 3356 3

284 3369 328 3435 ad
352 3368 446 3457 quod
470 3369 616 3455 angelus
639 3372 779 3455 praeter
807 3366 1107 3454 exspectationem
1139 3368 1343 3455 respondet:
1381 3363 1459 3457 αὕτη

284 3474 372 3542 ἐστὶν
394 3467 414 3563 ἡ
437 3467 593 3562 ἄχέρουσα
616 3474 719 3561 λίμνη.
755 3474 853 3539 Haeo
879 3480 971 3539 certe
995 3473 1174 3561 responsio
1199 3473 1331 3561 aliquid
1350 3474 1459 3541 habet

285 3580 510 3666 offensionis,
555 3602 634 3645 cum
672 3586 777 3646 antea
813 3579 855 3645 de
889 3581 971 3645 lacu
1011 3579 1100 3645 nihil
1135 3579 1180 3646 sit
1219 3581 1361 3646 dictum.
1415 3581 1458 3646 In

284 3688 445 3755 Parisino
469 3695 592 3753 contra
617 3686 734 3752 omnia
758 3686 847 3752 bene
863 3685 1063 3752 cohaerent.
1111 3686 1202 3752 Nam
1225 3685 1283 3752 hic
1306 3686 1458 3775 primum

285 3795 431 3883 angelus
461 3793 620 3882 apostolo
652 3791 735 3880 quid
769 3792 835 3858 sibi
866 3792 978 3858 velint
1009 3793 1090 3859 illae
1122 3794 1262 3859 arbores
1293 3793 1458 3881 explicat,

285 3902 410 3969 deinde
441 3907 560 3967 autem
584 3922 663 3966 eum
687 3899 724 3964 in
753 3899 861 3965 alium
885 3899 982 3966 ducit
1005 3900 1132 3983 locum,
1166 3900 1203 3963 in
1227 3922 1295 3985 quo
1322 3900 1459 3987 „lacum

285 4008 498 4076 aoerosium“
524 4006 656 4073 vident.

286 4155 500 4166 -——-

394 4223 419 4292 l)
437 4220 620 4290 Brundes‚
641 4217 726 4274 Visio
746 4235 769 4274 s.
789 4219 886 4290 Pauli,
905 4237 972 4292 pag.
994 4222 1017 4273 7.

392 4313 419 4379 2)
438 4310 477 4365 cf.
495 4307 753 4364 Heidenheim
771 4308 790 4362 1.
809 4308 828 4362 l.
847 4326 912 4380 pag.
935 4309 993 4362 152.

392 4402 420 4471 3)
439 4395 705 4454 Tischendorf
722 4396 741 4452 l.
760 4396 779 4452 1.
798 4415 865 4470 pag.
884 4399 927 4455 49.
