3148 5108
751 408 951 476 ..23-

269 603 414 670 visionis
441 604 574 672 formis.
627 603 753 671 Omnia
776 626 871 689 vero,
904 627 993 693 quae
1017 605 1143 671 exinde
1167 605 1204 670 in
1236 606 1356 672 codice
1389 629 1446 673 se-

270 718 434 797 quuntur,
451 734 523 778 non
539 711 770 799 disiungenda
783 714 842 779 sed
860 711 1104 799 coniungenda
1121 719 1212 796 sunt,
1230 718 1335 799 atque
1353 713 1445 780 haec

270 817 380 883 altera
412 818 541 885 codicis
575 842 655 907 pars
690 819 930 908 fragmentum
965 826 1017 886 est
1047 819 1269 907 apocalypsis
1304 819 1442 908 plenae,

270 925 361 1011 quod
386 925 639 1012 Fragmentum
662 927 933 994 Vindobonense
956 926 1156 994 nominabo,

376 1032 475 1098 Haec
491 1033 692 1099 coniectura
709 1021 924 1120 gravissimis
939 1034 1109 1122 probatur
1126 1035 1353 1120 argumentis.
1388 1034 1442 1100 Ac

269 1138 421 1226 primum
453 1139 592 1227 quidem
626 1163 669 1206 ex
703 1142 878 1209 scribendi
912 1163 1039 1229 genere
1069 1147 1169 1228 patet
1204 1140 1282 1207 illas
1312 1148 1442 1229 partes,

270 1268 356 1332 quas
380 1245 534 1331 distinxi,
560 1247 742 1314 adiversis
767 1248 967 1314 auctoribus
992 1271 1064 1314 esse
1089 1247 1253 1335 scriptas:
1277 1270 1360 1313 nam
1376 1270 1441 1336 pro

269 1353 376 1419 verbo
415 1354 692 1442 „interrogare“,
732 1377 800 1442 quo
840 1361 963 1422 auctor
1000 1354 1124 1443 prioris
1159 1355 1270 1442 partis
1305 1377 1443 1442 semper

269 1459 390 1544 utitur,
407 1459 443 1524 in
456 1460 671 1546 Fragmenta
684 1461 859 1529 interdum
873 1462 1084 1529 adhibentur
1096 1461 1203 1528 verba
1223 1461 1440 1548 ,inquirere“

270 1572 306 1631 et
343 1566 556 1652 „requirere“
570 1568 613 1654 ¹);
649 1575 830 1656 praeterea
866 1570 973 1636 verba
1011 1569 1165 1657 ,inquit“
1203 1576 1238 1634 et
1276 1569 1366 1655 ,aiu
1404 1569 1442 1634 in

270 1672 485 1759 Fragmento
503 1696 606 1762 saepe
624 1676 775 1742 orationi
791 1677 945 1742 directae
961 1676 1092 1742 inserta
1108 1676 1236 1763 suntl),
1261 1697 1441 1762 nunquam

270 1802 353 1846 vero
377 1780 414 1845 in
437 1779 552 1869 priore
577 1782 706 1848 codicis
729 1790 839 1870 parte,
864 1806 953 1870 quae
977 1789 1030 1849 est
1053 1783 1167 1849 forma
1190 1782 1218 1848 Ι.
1257 1782 1443 1848 Accedunt

271 1886 341 1953 alia
366 1895 575 1975 argumenta
606 1912 715 1977 eaque
746 1891 921 1978 graviora,
955 1890 1080 1976 quibus
1108 1896 1203 1954 recte
1234 1912 1269 1955 ee
1302 1889 1441 1974 habere,

179 2055 181 2062 ,
271 1996 363 2082 quod
394 1997 571 2083 proposui,
602 1999 859 2084 comprobatur.
907 1998 963 2063 Ad
991 2020 1073 2084 pag.
1100 1999 1151 2065 70.
1168 2009 1210 2080 18,
1242 2018 1332 2082 quae
1360 2018 1442 2084 pars

272 2102 315 2167 ad
348 2102 602 2188 Fragmentum
635 2104 799 2191 pertinet,
835 2104 1048 2171 Brandesius
1083 2104 1170 2170 haec
1206 2103 1392 2169 adnotavit
1400 2104 1441 2191 ⁸):

274 2208 358 2295 ,Die
382 2208 548 2276 Antwort
581 2211 639 2277 des
670 2210 866 2276 fiihrenden
902 2212 1028 2298 llngels
1059 2210 1197 2276 enthtlt
1228 2211 1331 2276 einen
1362 2211 1442 2276 selt-

271 2338 392 2382 samen
408 2317 669 2405 Widerspruch.
707 2317 878 2404 Obgleich
901 2319 962 2383 der
977 2316 1152 2404 Erzengel
1175 2316 1326 2383 Michael
1349 2317 1442 2383 nach

272 2423 339 2488 den
369 2423 730 2512 Einleitungsworten
761 2426 822 2490 das
846 2425 1057 2490 Fiihreramt
1087 2425 1338 2490 iibernommen
1368 2423 1441 2508 hat,

272 2551 309 2596 so
345 2529 479 2618 spricht
514 2532 575 2596 der
609 2532 744 2597 Fiihrer
778 2533 837 2598 des
868 2532 1033 2620 Apostels
1067 2553 1138 2597 von
1173 2532 1251 2596 dem
1287 2530 1443 2617 heiligen

271 2636 422 2702 Michael
447 2661 492 2703 an
516 2637 628 2704 dieser
651 2639 758 2705 Stella
785 2640 851 2705 wie
874 2661 946 2705 von
970 2638 1082 2704 einem
1114 2639 1255 2704 dritten.
1301 2637 1356 2703 Da
1387 2636 1443 2702 die
1561 2645 1562 2652 ’

272 2743 403 2831 griech.
429 2744 658 2833 Apokalypse
682 2747 750 2811 den
765 2745 902 2813 Fuhrer
920 2747 980 2812 des
999 2745 1130 2811 Paulus
1153 2745 1252 2810 nicht
1276 2743 1341 2810 mit
1365 2745 1443 2809 dem

273 2851 448 2940 Erzengel
479 2851 743 2938 identifizierte,
775 2875 813 2920 so
844 2852 932 2940 liegt
962 2853 1017 2918 die
1048 2852 1252 2938 Erkltrung
1282 2850 1444 2916 ziemlich

272 2957 373 3026 nahe.
420 2959 540 3026 Etwas
573 2958 695 3026 weiter
728 2967 839 3026 unten
870 2960 992 3026 tullert
1022 2961 1082 3024 der
1112 2960 1244 3046 Engel:
1281 2957 1444 3044 Quisquis

272 3064 381 3131 fuerit
404 3065 555 3151 humilis,
579 3067 774 3154 peregrinis
797 3065 990 3155 hospitalis,
1017 3065 1223 3150 misericors,
1248 3088 1327 3131 cum
1352 3064 1445 3131 obie-

273 3171 354 3257 rint,
380 3196 400 3238 a
424 3179 576 3240 sancto
601 3174 818 3240 Michaele
842 3174 910 3240 huc
935 3173 1140 3239 ducuntur.“

380 3280 459 3346 Duo
484 3303 569 3368 ergo
593 3288 734 3347 exstant
756 3281 835 3366 loci,
866 3281 926 3369 qui
953 3282 1100 3346 eandem
1130 3279 1301 3368 praebent
1331 3279 1445 3346 offen·
1561 3343 1562 3370 3

275 3385 424 3466 sionem;
456 3409 533 3453 mea
565 3394 682 3454 autem
706 3388 908 3454 coniectura
932 3389 1081 3476 probata
1106 3387 1203 3452 nulla
1228 3388 1326 3453 adest
1349 3385 1445 3452 diffi-

275 3493 404 3579 cultas,
438 3515 520 3560 nam
549 3494 586 3559 in
616 3495 820 3583 archetypo,
855 3496 899 3560 ad
923 3517 1026 3582 quem
1058 3495 1313 3582 Fragmentum
1336 3515 1445 3581 prope
1561 3559 1562 3562 ,

276 3601 421 3686 accedit,
453 3624 524 3668 non
546 3601 698 3667 Michael
721 3603 780 3668 sed
805 3602 893 3669 alius
918 3603 1063 3690 angelus
1090 3603 1160 3668 dux
1186 3599 1336 3689 apostoli
1359 3600 1446 3666 desi-

275 3708 462 3795 gnabatur.
506 3709 622 3774 Grave
639 3709 787 3796 denique
804 3716 1050 3798 argumentum
1066 3709 1147 3775 inde
1171 3708 1329 3792 sumitur,
1354 3707 1447 3793 quod
1561 3707 1562 3720 ¹

275 3815 372 3904 prior
406 3815 487 3882 libri
521 3838 669 3903 pars-
693 3823 733 3882 ut
767 3817 861 3883 infra
894 3816 1141 3882 demonstrabo
1167 3815 1362 3880 —referta
1395 3822 1446 3880 est
1561 3783 1562 3828 l

276 3923 388 4009 rebus,
420 3945 509 4011 quae
534 3922 578 3988 ab
610 3924 802 4012 archetypo
835 3923 970 3990 alienae
1002 3929 1092 4007 sunt,
1124 3921 1213 3986 nihil
1243 3944 1326 3988 vero
1359 3920 1446 3988 eius·
1561 3977 1562 3984 ,

384 4104 410 4169 1)
430 4101 468 4156 cf.
487 4101 661 4157 Brandes
680 4102 700 4156 l.
718 4103 737 4157 l.
758 4121 823 4174 pag.
844 4106 886 4157 68.
897 4112 931 4172 88,
951 4105 1037 4156 69.10.
1052 4111 1086 4170 88,
1106 4101 1194 4170 95,1a.
1210 4110 1243 4152 aa.
1257 4109 1291 4153 88.

383 4192 410 4261 2)
430 4190 468 4246 cf.
491 4191 666 4246 Brandes
692 4192 711 4245 l.
737 4192 755 4247 l.
781 4209 847 4264 pag.
873 4193 960 4247 68.1a
976 4201 1008 4242 88,
1023 4200 1056 4242 ae.
1072 4200 1104 4241 au
1119 4200 1152 4242 er.
1166 4199 1207 4258 el,
1238 4193 1281 4244 69.
1300 4199 1325 4258 8,
1360 4191 1401 4244 70.
1412 4199 1445 4258 88,

277 4285 471 4352 mmmm

385 4372 412 4442 3)
430 4369 606 4426 Brandes
625 4371 644 4428 1,
662 4370 682 4424 1.
701 4388 767 4444 pag.
786 4372 828 4425 93.
