3148 5108
615 426 811 491 „41-

122 628 267 712 praeter
301 622 371 689 alia
405 645 582 711 perpauca
616 628 753 689 textum
787 623 933 691 visionis
967 647 992 692 s.
1023 624 1126 691 Pauli
1156 625 1299 692 exhibet

124 730 181 816 (ff.
207 730 344 814 2‘-25)
376 736 497 816 estque
526 729 613 795 haec
643 752 724 817 pars
753 730 883 797 saeculi
913 732 1019 814 VIII;
1055 731 1167 797 altera
1197 740 1298 820 parte

125 862 151 904 s.
177 838 214 902 X
238 836 427 915 traduntur
445 836 687 924 ,Breviarium
705 837 857 903 Alarioi“
877 844 983 925 atque
998 860 1080 926 pars
1096 837 1299 926 glossariil)

126 945 204 1024 Qua
228 944 265 1009 in
288 949 388 1031 parte
411 943 500 1009 visio
525 944 629 1009 Pauli
652 951 776 1029 exstat,
801 966 924 1031 margo
947 944 1029 1010 libri
1048 946 1171 1011 dexter
1186 946 1300 1012 laesus

125 1059 189 1136 est,
226 1058 267 1117 ut
301 1073 468 1139 persaepe
501 1050 641 1116 litterae
676 1051 746 1117 sint
780 1051 1005 1140 supplendae.
1062 1052 1140 1119 Hoc
1174 1073 1299 1118 munus

125 1159 151 1225 J
153 1157 304 1224 amasius
328 1157 491 1245 suscepit,
516 1179 670 1247 quasque
695 1159 830 1226 addidit
851 1160 988 1226 litteras
1011 1161 1111 1227 uncis
1140 1161 1299 1244 inclusit,

125 1265 187 1330 sed
211 1264 262 1329 ita
287 1263 364 1350 agit
386 1263 441 1330 vir
464 1265 597 1349 doctus,
629 1272 670 1331 ut
701 1265 795 1331 haud
824 1287 904 1332 raro
936 1265 1014 1331 aliis
1045 1287 1183 1354 quoque
1213 1266 1299 1334 locis

126 1378 191 1437 ant
225 1370 361 1437 litteras
396 1377 458 1436 aut
491 1373 597 1459 plena
631 1372 740 1438 verba
779 1372 904 1456 addat,
943 1371 1004 1438 ubi
1039 1372 1146 1439 laesio
1181 1379 1299 1440 textus

126 1479 270 1545 omnino
294 1500 366 1544 non
390 1479 498 1544 adest.
546 1479 624 1565 Ego
648 1501 731 1545 vero
755 1479 793 1545 in
820 1479 887 1545 hoe
911 1479 1078 1567 opusculo
1110 1502 1219 1547 uncos
1250 1480 1299 1547 ibi

125 1593 267 1652 tantum
307 1584 496 1670 adhibebo,
536 1585 596 1651 ubi
634 1586 773 1653 litterae
807 1586 844 1651 in
878 1593 979 1674 parte
1015 1587 1110 1653 laesa
1144 1610 1181 1653 re
1216 1609 1300 1653 vera

125 1692 379 1758 desiderantur.
767 1762 769 1766 ,

233 1798 370 1883 Restat,
394 1805 435 1865 ut
457 1819 715 1886 persequamur,
740 1801 914 1885 quomodo
937 1800 1102 1867 librarius
1125 1802 1232 1867 verba
1256 1824 1299 1867 ex

125 1905 321 1992 archetypo
356 1904 643 1993 transscripserit.
697 1906 816 1973 Primo
852 1907 979 1972 obtutu
1014 1915 1163 1995 apparet
1196 1907 1300 1974 nimis

125 2012 358 2098 neglegenter
374 2033 453 2076 eum
469 2033 543 2076 rem
559 2033 657 2077 suem
674 2012 796 2098 egisse,
814 2020 918 2100 atque
935 2014 973 2078 in
985 2014 1028 2080 iis
1045 2037 1135 2100 quae
1151 2037 1300 2100 sequun-

124 2127 186 2184 tur
208 2141 251 2183 ex
274 2119 443 2184 vitiorum
465 2141 555 2204 quae
580 2119 722 2185 admisit
744 2143 889 2186 numero
912 2122 1082 2188 nonnulla
1103 2121 1298 2210 proferam:

125 2225 284 2291 Primum
314 2225 453 2312 quidem
484 2226 735 2293 venabulorum
765 2228 919 2315 syllabas
950 2228 1104 2295 divellit:
1138 2231 1216 2295 11.4
1234 2239 1301 2297 ater

124 2338 207 2400 ciem
238 2333 295 2420 (=
319 2336 364 2399 ed
385 2335 540 2416 tercium);
579 2335 671 2399 liu
696 2341 750 2422 qui
772 2337 849 2420 due;
878 2335 983 2420 13.36,
1017 2338 1094 2402 142
1119 2339 1163 2403 cd
1191 2360 1300 2422 orore,·

126 2440 223 2504 14.16
247 2465 294 2507 me
316 2445 451 2528 aprutio,
482 2443 527 2506 ad
552 2445 722 2526 interium·
753 2444 803 2508 19.
814 2450 848 2504 32
866 2447 926 2528 pia
950 2454 1121 2531 egressorum
1149 2448 1204 2528 (z
1223 2449 1300 2529 piae

122 2549 315 2634 persenam
349 2548 447 2612 aaa
469 2552 521 2614 eal
550 2550 696 2634 decerpam
729 2549 823 2613 aaa
848 2553 904 2616 irc
933 2555 1101 2635 crociam
1135 2551 1214 2616 248
1226 2574 1299 2636 per·

125 2659 297 2722 veniremus
319 2679 375 2743 que
399 2652 455 2740 (=
473 2660 666 2742 pervenirem
689 2658 816 2744 usqum
838 2657 915 2724 26.6
934 2659 1013 2724 bisc.
1038 2680 1076 2724 ae
1098 2662 1163 2723 ete.

234 2778 306 2846 Ubi
341 2779 378 2844 in
413 2778 486 2844 iine
517 2800 681 2844 versuum
711 2780 885 2845 vocabula
916 2779 1136 2867 dirimuntur,
1172 2780 1300 2846 iterum

125 2885 303 2951 interdum
338 2885 465 2951 vitiosa
501 2892 553 2951 est
587 2884 710 2951 lectio:
745 2887 844 2951 23.10
874 2893 1025 2975 repremit
1042 2891 1052 2971 l
1069 2892 1169 2964 ionie,·
1202 2888 1300 2952 3724

125 2998 215 3080 inere
231 2995 242 3079 l
258 3017 313 3067 sc,·
335 2993 388 3058 20.
399 3002 432 3056 18
455 2997 595 3060 eirtmem
613 2994 624 3078 l
640 3016 719 3082 prce
742 2999 807 3060 ete.

235 3117 347 3206 Saepe
363 3118 513 3205 denique
537 3117 621 3183 finis
636 3116 800 3183 vocabuli
819 3118 1060 3185 antecedentis
1077 3123 1139 3185 aut
1155 3141 1301 3207 sequen·

126 3227 171 3292 tis
208 3225 333 3291 erroris
369 3246 509 3292 causam
545 3223 681 3289 intulit:
719 3224 814 3290 1788
844 3228 924 3293 ridet
957 3229 1064 3295 adae
1094 3229 1152 3312 (ad
1179 3229 1302 3314 marah·

126 3334 224 3397 33.10
253 3337 344 3420 iprrea
380 3354 510 3417 cornee,·
544 3331 641 3396 3419
668 3355 798 3399 vermem
832 3338 1014 3422 inquietam
1050 3335 1130 3399 eus
1156 3338 1301 3422 erpeium

125 3445 273 3526 impetum
308 3444 453 3526 spirim
487 3449 648 3524 sendum
685 3440 765 3505 37.8
792 3445 955 3508 initiarum
990 3464 1167 3529 equarum
1204 3440 1256 3506 20.
1267 3448 1301 3503 28

125 3550 264 3615 eoadem
286 3551 465 3633 completum
488 3556 530 3614 eet
552 3569 693 3631 aarum
715 3546 811 3611 341⁶
828 3552 927 3632 ponec
950 3558 977 3614 et
999 3552 1104 3615 relies
1127 3553 1192 3614 etc.

234 3652 414 3719 Librarius
437 3651 510 3740 ipse
533 3652 711 3717 interdum
740 3674 872 3719 errores
897 3653 1066 3740 cognovit
1097 3661 1202 3742 atque
1226 3676 1301 3721 cor-

126 3761 234 3827 rexit:
263 3762 312 3826 17.
323 3769 356 3823 25
373 3770 469 3846 aput:
492 3762 597 3847 apred;
622 3761 697 3826 19.1
718 3764 816 3828 tales:
838 3765 930 3847 talia·
952 3762 1005 3827 36.
1015 3768 1050 3822 20
1059 3784 1155 3848 penes
1164 3787 1176 3826 .·
1193 3767 1303 3848 penis:

126 3871 179 3936 21.
192 3878 226 3932 32
256 3874 405 3937 illarerrs:
438 3872 575 3942 llorere·
609 3868 704 3932 35.28
734 3871 842 3935 vellet:
875 3871 973 3942 velut:
1006 3869 1103 3933 29.1e
1135 3873 1303 3936 enitamur:

126 3984 308 4061 mittentem
335 3975 415 4040 285
432 3978 566 4062 psallet:
582 3977 699 4062 psallet
704 3999 718 4059 ,·
741 3975 837 4040 2215
861 3986 959 4043 terre:
982 3986 1087 4061 terra,·
1109 3975 1189 4039 378
1208 3977 1302 4040 beer:

126 4089 175 4152 bic
199 4090 265 4149 etc.

127 4212 341 4222 -.-—-———

236 4264 263 4330 l)
282 4260 434 4316 Aecurata
452 4259 614 4332 descriptio
634 4257 790 4314 invenitur
809 4257 890 4330 apud
908 4258 948 4313 M.
967 4257 1137 4328 Delisls,
1164 4256 1228 4313 Oct.
1248 4257 1301 4314 des

126 4351 201 4408 Mss.
222 4349 276 4407 des
296 4347 388 4405 ionds
407 4347 493 4404 Libri
513 4352 543 4403 et
561 4348 683 4403 Barrois
705 4347 773 4402 1888
791 4365 858 4421 pag.
878 4350 939 4405 108.
