3148 5108
638 464 831 528 ..15-

259 659 374 747 Prope
393 658 511 724 lacum
533 657 657 724 civitas
674 657 804 724 Christi
819 664 882 743 est,
904 657 1002 724 cuius
1018 658 1113 725 urbis
1135 659 1322 748 descriptio

152 767 189 831 in
214 765 337 832 ceteris
360 765 516 831 textibus
531 765 643 832 multo
665 764 772 831 latius
788 765 970 853 peragitur
993 788 1099 852 quam
1122 766 1159 832 in
1175 767 1323 836 Graeco.

153 873 274 961 Neque
303 874 400 938 deest
428 879 685 960 argumentum,
716 873 810 960 quod
837 873 962 960 probet
986 873 1160 941 Graecum
1188 882 1325 942 textum

152 1003 270 1047 rursus
308 979 345 1044 in
379 979 519 1046 brevius
561 1001 633 1046 esse
669 985 909 1060 contractum3
949 980 1195 1066 gravissimum
1231 984 1325 1049 enim

153 1086 393 1153 testimonium
425 1085 506 1151 inde
537 1085 695 1170 sumitur,
727 1087 820 1173 quod
850 1086 887 1151 in
918 1086 1078 1154 Parisino
1107 1087 1198 1156 libro
1230 1091 1323 1179 (pag.

153 1195 206 1261 24.
218 1193 246 1282 7)
270 1216 334 1281 pro
357 1193 522 1277 turribus,
547 1214 637 1280 quae
660 1192 697 1257 in
714 1192 875 1259 omnibus
891 1193 1046 1260 textibus
1061 1202 1202 1283 praeter
1218 1198 1325 1264 Grae-

154 1324 233 1368 cum
256 1307 505 1382 memorantur,
529 1299 740 1367 vocabulum
766 1299 906 1388 ,pigre“
938 1301 1108 1368 traditum
1137 1311 1200 1388 est,
1232 1307 1326 1393 quod

152 1411 177 1478 J
179 1408 328 1475 amesius
359 1408 493 1495 optimo
517 1406 592 1473 iure
619 1406 657 1471 in
682 1406 815 1494 „pirgi“
840 1406 1002 1493 mutavit,
1033 1410 1125 1475 unde
1154 1412 1326 1498 probatur

153 1515 379 1603 interpretem
403 1513 490 1579 illud
519 1512 731 1580 vocabulum
761 1535 825 1601 pro
850 1513 985 1581 Graeco
1013 1514 1133 1605 πύργοι
1156 1518 1230 1585 sine
1253 1519 1325 1586 ulla

153 1621 349 1688 mutatione
372 1619 409 1684 in
432 1625 570 1685 textum
593 1619 774 1707 recepisse.

260 1727 381 1815 Neque
409 1725 446 1790 in
475 1749 551 1813 cap.
576 1725 704 1792 XXIV
728 1724 883 1792 Graecus
906 1727 1048 1815 plenum
1073 1753 1146 1796 sese
1169 1732 1324 1820 praebet.

154 1835 251 1914 Quae
286 1833 380 1899 enim
418 1832 455 1897 in
490 1831 642 1898 Parisini
675 1831 757 1898 libri
792 1832 945 1899 editione
980 1858 1061 1923 pag.
1098 1838 1151 1905 24.
1165 1841 1327 1909 32-25.4

152 1943 330 2030 leguntur,
362 1963 402 2006 ea
433 1939 471 2004 in
502 1939 696 2027 archetypo
728 1961 881 2028 quoque,
913 1963 956 2006 ex
987 1964 1056 2029 quo
1088 1943 1215 2012 Graeci
1245 1947 1326 2015 libri

154 2054 277 2114 auctor
299 2046 428 2130 hausit,
453 2045 626 2111 exstitisse
649 2045 860 2111 vocabulum
883 2052 936 2113 ναί
957 2051 1106 2135 probare
1129 2052 1215 2118 mihi
1230 2055 1327 2122 vide·

153 2163 227 2240 tur;
262 2177 346 2221 nam
370 2154 407 2218 in
431 2153 497 2220 hoc
521 2152 611 2219 libro
636 2153 815 2219 antecedit
845 2153 1095 2244 interrogatio:
1131 2163 1216 2239 τίνες
1245 2162 1327 2230 εἰσὶν

155 2254 259 2344 αὗται,·
305 2285 394 2349 quae
431 2261 475 2326 ad
510 2261 617 2326 verba
651 2259 824 2327 vocabulo
860 2266 913 2327 ναί
946 2262 1089 2329 minime
1122 2268 1326 2354 responderi

153 2377 279 2459 potest,
305 2370 364 2435 sed
387 2368 510 2434 melius
535 2368 684 2455 quadrat
708 2367 795 2432 haec
818 2368 998 2455 responsio
1022 2371 1067 2435 ad
1090 2373 1207 2457 verba,
1237 2398 1326 2462 quae

153 2479 259 2566 paulo
273 2483 352 2564 post
363 2474 401 2540 in
412 2475 574 2541 Parisino
585 2475 763 2562 leguntur,
776 2474 813 2539 in
826 2474 961 2542 Graeco
974 2497 1057 2544 vero
1070 2478 1326 2550 desiderantur:

156 2583 335 2671 ,Domina
360 2581 466 2669 quid?
491 2603 574 2668 ergo
599 2580 763 2668 superbia
786 2603 906 2647 eorum
929 2582 1084 2670 proibuit
1107 2608 1166 2653 eos
1188 2587 1326 2676 ingredi

152 2692 190 2756 in
213 2690 395 2757 civitatem
419 2688 592 2755 Christi?“
1192 2699 1195 2704 “

260 2797 304 2862 In
332 2819 407 2883 cap.
436 2795 547 2862 XXV
571 2816 667 2860 error
690 2795 842 2862 auctoris
872 2796 954 2862 libri
978 2797 1105 2865 Graeci
1136 2801 1325 2889 invenitur,

153 2926 223 2993 quo
239 2903 367 2968 iterum
390 2900 560 2989 probatur
576 2922 655 2965 eum
679 2906 817 2966 textum
833 2924 876 2966 ex
898 2902 1045 2969 libidine
1060 2909 1325 2992 permutavisse.

153 3012 285 3078 Paulus
314 3009 409 3075 enim
432 3009 476 3074 ab
507 3009 633 3094 angelo
658 3009 702 3074 ad
731 3009 922 3096 prophetas
953 3009 1077 3078 ductus
1107 3013 1143 3079 in
1167 3015 1326 3084 Parisino

153 3120 366 3204 interrogat:
400 3115 495 3203 ,Quo
520 3120 573 3180 est
601 3113 660 3179 via
684 3113 815 3180 haeo?“
847 3137 937 3202 quae
969 3118 1013 3183 ad
1043 3120 1151 3186 verba
1182 3125 1327 3210 angelus

153 3224 359 3314 respondet:
387 3223 505 3309 ,Haeo
529 3227 582 3287 est
605 3220 664 3286 via
687 3221 970 3309 prophetarum.“
1019 3224 1056 3291 Si
1079 3249 1163 3294 vero
1188 3252 1327 3319 compa-

154 3331 288 3399 raveris
319 3336 457 3395 textum
490 3328 675 3412 Graecum,
707 3327 864 3394 invenies
894 3329 944 3395 ibi
973 3330 1063 3396 nihil
1091 3333 1133 3399 de
1163 3335 1222 3401 via
1254 3360 1327 3404 esse
1399 3407 1401 3412 ,

154 3438 297 3522 dictum,
323 3436 382 3502 sed
407 3441 596 3502 occurrunt
619 3437 706 3500 haec
722 3435 847 3502 verba:
872 3433 935 3522 ἐγὼ
958 3437 992 3504 a
1015 3436 1108 3507 εἶπαν
1122 3451 1170 3529 τῷ
1192 3435 1327 3532 ἀγγέλῳ·

153 3546 251 3634 κύριε,
276 3549 360 3622 τίνες
384 3542 466 3610 εἰσὶν
490 3533 597 3623 αὗταις
626 3544 682 3608 καὶ
714 3539 805 3609 εἶπέν
834 3566 902 3627 μοι·
928 3535 1122 3615 obvelatum
1151 3549 1273 3630 πάντες
1296 3552 1327 3619 οἱ

27 3719 29 3725 ,
153 3661 332 3741 προφῆται,
357 3651 412 3716 καὶ
435 3649 469 3715 αἱ
493 3643 574 3738 qidul
604 3640 699 3716 αὗται
729 3659 846 3716 πασῶν
876 3660 940 3718 τῶν
963 3665 1171 3742 προφητειαῖν
1194 3659 1326 3746 (codd.:

153 3768 331 3848 προφητῶν
339 3758 372 3846 1).
408 3756 574 3822 Dubitari
598 3778 669 3823 non
686 3763 812 3844 potest,
837 3757 922 3844 quin
945 3759 1049 3826 lectio
1073 3761 1212 3850 Latina,
1237 3789 1326 3853 quae

153 3866 191 3931 in
215 3865 341 3932 ceteris
370 3885 509 3952 quoque
538 3863 635 3929 libris
665 3869 792 3948 exstat,
824 3864 898 3931 sola
929 3865 976 3930 sit
1005 3887 1099 3934 vera.
1147 3870 1243 3949 Quae
1272 3895 1327 3940 res

153 3972 322 4039 notabilis
345 3971 396 4037 ita
412 3977 552 4036 tantum
569 3969 739 4035 declarari
754 3976 881 4057 potest,
897 3977 938 4036 ut
952 3970 1132 4060 fingamus
1148 3978 1327 4047 auctorem

154 4079 282 4146 Graeci
311 4077 393 4144 libri
424 4083 561 4142 textum
589 4082 849 4164 permutantem
879 4080 1052 4146 vocabula
1082 4074 1165 4170 quat
1193 4089 1229 4151 et
1260 4080 1329 4155 ὁδοί

154 4185 361 4254 confudisse.

261 4293 384 4380 Neque
407 4291 445 4357 in
461 4314 531 4378 seq.
558 4313 635 4380 oap.
653 4291 808 4358 Graecus
832 4297 951 4359 textus
966 4293 1117 4362 formam
1142 4299 1328 4390 archetypi

154 4400 319 4485 servavit,
351 4420 429 4465 cum
453 4420 527 4465 non
550 4405 802 4467 commemoret
831 4422 940 4488 prope
963 4401 1065 4470 lactis
1088 4403 1223 4472 flumen
1247 4430 1327 4475 oum
