3148 5108
736 426 935 492 ..32-

249 619 386 702 mentis,
417 642 505 707 quae
537 620 653 686 neutri
682 621 802 707 generi
834 621 1079 690 adscribuntur
1109 624 1146 689 in
1176 625 1336 692 Parisino
1360 629 1424 694 sed

249 727 319 812 alii,
353 728 446 815 quod
476 749 547 793 non
578 732 694 793 exstat
729 737 1040 796 commemoratum
1074 731 1141 797 nisi
1176 732 1213 797 in
1249 733 1422 818 Parisino,

247 835 283 901 id
314 836 406 920 quod
439 835 597 900 consulto
632 834 733 919 addo,
764 857 843 900 cum
875 843 1008 923 quanta
1031 837 1078 902 sit
1102 837 1305 904 differentia
1329 840 1424 906 inter

247 942 338 1008 hanc
374 943 524 1008 formam
559 948 595 1007 et
624 941 833 1027 Parisinum,
864 949 984 1008 tamen
1014 966 1124 1010 nexus
1155 945 1297 1030 quidam
1328 945 1423 1012 inter

246 1049 354 1115 libros
389 1055 526 1114 exstare
561 1048 741 1133 videatur,
780 1057 821 1114 ut
855 1048 950 1114 inira
986 1051 1225 1118 demonstrare
1261 1054 1419 1121 studebo,

246 1157 333 1222 Inde
357 1156 487 1221 Paulus
511 1157 555 1221 ad
571 1162 717 1243 puteum
741 1155 889 1241 ducitur,
914 1157 951 1221 in
975 1179 1043 1244 quo
1067 1159 1325 1227 sceleratissimi
1348 1167 1420 1226 tor-

246 1270 397 1352 quentur
419 1269 632 1350 peccatores.
668 1262 708 1347 Ii,
733 1263 793 1350 qui
816 1263 854 1328 in
872 1263 940 1329 hoc
963 1277 1069 1351 puteo
1094 1271 1186 1350 sunt,
1208 1266 1417 1332 Miohaelem

245 1377 281 1436 et
314 1370 464 1435 Paulum
499 1369 707 1456 implorant,
742 1375 782 1434 ut
817 1369 882 1435 sibi
919 1370 1072 1456 quietem
1107 1394 1127 1436 a
1163 1371 1238 1438 Deo
1273 1379 1415 1460 petant,

245 1498 393 1565 quorum
420 1474 581 1563 precibus
612 1482 806 1541 commotus
829 1475 924 1542 Deus
955 1477 1134 1542 descendit
1163 1485 1199 1543 et
1229 1479 1418 1566 pollicetur

245 1607 280 1650 se
305 1581 429 1648 animis
453 1581 490 1646 in
513 1581 660 1646 infernis
682 1581 883 1648 viventibus
907 1583 999 1648 diem
1015 1583 1229 1650 dominicum
1253 1587 1297 1651 ad
1322 1585 1417 1673 quie-

243 1697 316 1756 tem
339 1711 413 1756 esse
436 1688 659 1754 tributurum.
707 1687 866 1775 Denique
893 1689 930 1753 in
953 1697 1053 1777 parte
1078 1697 1234 1757 extrema
1258 1691 1417 1758 homines

244 1799 485 1881 admonentur,
509 1803 550 1862 ut
574 1802 705 1879 curent,
729 1817 774 1860 ne
797 1795 985 1862 mittantur
1008 1796 1045 1861 in
1068 1796 1146 1863 loca
1170 1798 1319 1865 inferna.

349 1905 405 1969 Ex
421 1904 489 1969 hoc
511 1903 700 1968 summario
725 1901 903 1988 colligitur
926 1902 1016 1967 nihil
1029 1904 1082 1969 ¹de
1105 1903 1249 1990 regione
1273 1906 1416 1972 caelesti

242 2012 280 2076 in
310 2011 425 2077 forma
459 2009 477 2073 I
511 2009 663 2074 inveniri
697 2031 809 2096 neque
845 2010 980 2094 omnia,
1020 2033 1110 2097 quae
1147 2010 1184 2075 in
1223 2011 1415 2100 archetypo

243 2119 285 2185 de
309 2117 395 2184 locis
418 2115 565 2182 infernis
589 2115 787 2180 invenimus
805 2124 1087 2202 commemorata,
1112 2117 1205 2184 hunc
1228 2118 1266 2183 in
1288 2119 1417 2185 librum

242 2248 315 2292 esse
338 2231 490 2311 recepta,
516 2244 557 2288 ea
577 2228 706 2306 tamen,
731 2243 820 2307 quae
844 2222 881 2286 in
897 2221 964 2287 hac
980 2222 1095 2290 forma
1119 2231 1270 2310 exstant,
1295 2248 1415 2313 quam-

242 2333 296 2400 vis
321 2331 391 2398 sint
414 2329 631 2418 perturbata,
656 2350 735 2395 cum
759 2335 859 2393 textu
882 2328 1042 2396 Parisino
1067 2331 1263 2398 cohaerere.

349 2439 425 2505 Iam
449 2458 532 2504 vero
558 2442 775 2523 quaerentes,
807 2457 876 2522 qua
906 2458 943 2501 re
967 2445 1161 2504 commotus
1193 2446 1316 2504 auctor
1345 2440 1415 2506 for-

243 2569 321 2613 mae
344 2546 362 2610 I
386 2546 477 2610 hanc
508 2549 647 2608 tantum
671 2541 893 2630 apocalypsis
923 2550 1060 2630 partem
1091 2545 1323 2632 descripserit,
1353 2547 1415 2612 vix

244 2675 398 2720 erramus
422 2649 638 2738 explicantes
663 2670 714 2733 ea,
739 2670 828 2734 quae
852 2649 888 2713 in
911 2649 985 2714 fine
1010 2649 1185 2737 leguntur,
1211 2674 1332 2717 ansam
1357 2653 1414 2718 de·

243 2761 334 2828 disse
358 2761 402 2825 ad
426 2758 518 2823 hanc
542 2757 691 2822 formam
723 2754 1027 2840 conscribendam
1064 2757 1113 2823 ibi
1143 2757 1236 2822 enim
1266 2757 1415 2845 legimus

243 2869 356 2934 Deum
391 2864 518 2932 animis
547 2863 585 2928 in
618 2862 766 2928 infernis
797 2862 997 2929 viventibus
1029 2865 1256 2946 concessisse,
1288 2873 1328 2930 ut
1359 2866 1414 2931 die

243 2974 417 3042 dominico
442 2995 484 3037 ex
509 2970 644 3036 diutino
669 2968 788 3035 labore
813 2969 922 3056 quieti
946 2992 980 3036 se
1005 2971 1139 3054 darent,
1165 2972 1257 3058 quod
1274 2972 1415 3059 quidem

243 3081 391 3150 credulis
426 3077 625 3145 hominibus
660 3099 743 3142 sane
778 3076 881 3142 valde
916 3077 1060 3164 placuit.
1113 3077 1200 3143 Inde
1236 3079 1343 3144 etiam
1378 3079 1414 3144 id

242 3188 347 3257 facile
382 3185 587 3274 explicatur,
624 3183 716 3270 quod
751 3182 788 3247 in
821 3182 923 3248 initio
959 3183 1061 3249 huius
1096 3184 1230 3250 formae
1261 3184 1413 3251 Michael

242 3297 331 3363 falso
356 3293 561 3379 designatur
584 3292 655 3356 dux
680 3288 848 3376 apostoli;
873 3289 910 3353 in
934 3290 1128 3378 archetypo
1153 3291 1246 3356 enim
1262 3291 1415 3358 Michael

242 3411 277 3471 et
300 3401 431 3469 Paulus
461 3399 545 3463 illud
570 3396 784 3463 beneficium
814 3396 1057 3483 peccatoribus
1089 3420 1109 3462 a
1140 3397 1214 3462 Deo
1248 3398 1413 3485 petivisse

242 3516 440 3578 narrantur.

347 3616 528 3682 Hactenus
557 3611 598 3676 de
626 3610 729 3676 huius
756 3611 891 3676 formae
922 3617 1141 3696 argumento.
1188 3612 1290 3678 Nunc
1318 3611 1413 3677 vide-

241 3748 350 3810 amus,
373 3722 465 3789 unde
482 3717 638 3785 hauserit
662 3723 785 3783 auctor
800 3716 903 3783 huius
919 3716 1009 3783 libri.
1046 3718 1159 3806 Supra
1175 3717 1246 3783 iam
1264 3741 1412 3785 comme-

239 3830 375 3901 moravi
405 3832 580 3895 tormenta
614 3824 651 3889 in
681 3823 748 3889 hac
778 3824 893 3890 forma
923 3846 996 3889 esse
1028 3825 1222 3911 descripta,
1253 3847 1343 3911 quae
1375 3827 1412 3891 in

239 3938 400 4008 Parisino
436 3933 509 4001 solo
545 3933 616 3998 sint
654 3937 803 3998 servata.
857 3930 950 3996 Hinc
985 3953 1068 3997 sane
1102 3933 1258 3997 nondum
1290 3931 1412 3999 liceret

240 4045 447 4116 concludere
470 4039 669 4107 Parisinum
692 4039 828 4104 fontem
859 4037 966 4102 fuisse
998 4037 1102 4103 huius
1130 4037 1230 4122 libri,
1262 4038 1330 4105 nisi
1360 4039 1412 4104 in-

241 4154 449 4224 venirentur
472 4147 551 4231 loci,
581 4145 708 4233 quibus
734 4144 982 4230 comprobetur
1015 4166 1146 4210 nexum
1169 4146 1345 4230 quendam
1368 4169 1412 4212 ex

240 4271 333 4330 stare
357 4258 540 4324 intereos.
589 4252 688 4331 Quod
713 4252 756 4316 ad
781 4251 1091 4316 demonstrandum
1122 4252 1218 4318 locos
1247 4252 1284 4317 in
1317 4260 1411 4320 utro·

240 4393 307 4459 que
331 4366 420 4432 libro
443 4358 695 4449 respondentes
719 4357 870 4424 colloco:
