3148 5108
611 456 811 525 ..45-

117 659 200 738 Qua
225 657 269 724 de
293 654 553 744 permutatione
582 653 668 720 dicit
691 653 886 720 Buecheler
898 658 940 738 ¹):
978 654 1086 742 ,Fere
1116 654 1233 722 nullus
1263 656 1300 721 in

115 764 220 831 libris
245 785 353 829 manu
384 761 524 850 scriptis
556 783 652 828 error
681 761 901 849 frequentior
931 762 1104 849 reperitur
1135 785 1239 848 qnam
1264 767 1301 831 de

118 879 158 938 et
181 875 217 939 di
239 871 456 958 syllabarum
480 869 728 956 permutatio“.

231 998 301 1062 Pro
317 1020 357 1082 es,
382 994 509 1083 quibus
525 993 652 1061 litteris
668 1017 761 1061 nom.
779 996 868 1082 plur.
886 996 943 1061 111
964 997 1051 1062 decl.
1077 997 1298 1083 terminatur,

116 1112 148 1174 is
170 1104 312 1170 litterae
336 1101 486 1189 scriptae
511 1108 593 1168 sunt
622 1101 660 1166 in
690 1100 744 1167 his
773 1102 974 1170 vocabulis:
1004 1111 1164 1191 potestatis
1188 1105 1238 1171 18.
1248 1115 1298 1181 26;

117 1215 366 1300 repromissionis
380 1210 494 1291 23.11;
519 1209 778 1277 0100000217.
812 1209 856 1273 In
872 1232 914 1274 ea
930 1216 1030 1296 parte
1047 1211 1299 1278 vocabulorum

118 1319 179 1386 ΠΙ
201 1316 300 1401 decl,
324 1316 368 1381 ad
385 1338 490 1404 quam
506 1314 680 1382 vocabula
696 1315 799 1381 modo
817 1323 1090 1383 commemorata
1107 1317 1298 1404 pertinent,

119 1428 210 1492 haec
242 1420 417 1491 scribendi
447 1421 538 1488 ratio
570 1422 641 1487 iam
672 1423 768 1490 aIV
792 1445 826 1510 p.
852 1423 933 1488 Ohr.
964 1423 1103 1490 saeculo
1132 1423 1170 1489 in
1197 1447 1298 1491 nsum

120 1540 175 1600 est
198 1537 351 1618 recepta.
364 1532 389 1612 ⁹)

229 1656 320 1720 Item
342 1659 370 1722 is
392 1673 456 1740 pro
481 1677 511 1722 ea
534 1659 653 1718 exstat
676 1652 713 1717 in
737 1653 774 1718 11
798 1675 887 1741 pers,
918 1653 1006 1741 sing.
1032 1677 1143 1742 praes.
1169 1662 1236 1722 act.
1261 1657 1299 1721 Π

120 1762 282 1849 coniug.:
307 1763 434 1843 eudia³)
460 1761 510 1827 18.
521 1766 564 1824 27.

229 1887 380 1951 Restant
412 1885 479 1950 hae
509 1884 662 1951 formae:
699 1889 857 1971 eriperent
879 1886 978 1967 25.9;
1008 1890 1165 1973 pratae&
1190 1888 1242 1953 39.
1253 1896 1297 1954 20.

230 2010 302 2092 b)i
330 2031 394 2097 pro
424 2034 440 2076 e
470 2008 622 2093 brevi⁶):
661 2014 791 2078 cericeis
824 2011 937 2092 16.32;
979 2015 1117 2098 confiteri
1146 2010 1298 2099 (Imp.)⁶)

121 2121 174 2186 19.
183 2128 229 2202 33,
245 2118 298 2186 20.
309 2126 361 2200 263
379 2121 543 2185 moriretur
552 2119 576 2199 7)
593 2116 702 2182 2016.
723 2125 772 2198 19;
790 2121 978 2184 morirentur
993 2119 1110 2200 31.1c;
1127 2121 1298 2206 elimiyina

120 2228 174 2293 39.
186 2234 229 2290 24.

668 2402 699 2467 4.
724 2401 746 2468 i.

230 2516 263 2596 a)
286 2536 302 2580 e
325 2533 388 2598 pro
412 2515 425 2577 i
445 2508 559 2577 brevi:
593 2507 630 2573 in
653 2506 751 2573 exitu
775 2507 978 2574 verborum:
1010 2507 1067 2573 III
1090 2531 1178 2596 pers.
1203 2508 1293 2597 sing.

118 2620 189 2685 ind.
221 2641 333 2706 praes.
359 2622 426 2682 act.
450 2616 506 2681 ΠΙ
535 2614 723 2701 coniug.⁸):
760 2617 991 2702 adpraehendet
1012 2616 1111 2699 27.8;
1137 2616 1237 2702 fallet
1267 2627 1295 2684 et

119 2730 244 2796 dedecet
280 2725 375 2807 15.5;
405 2727 487 2809 fluet
520 2724 633 2805 37.17;
676 2725 798 2789 inducet
833 2723 946 2802 23.32;
980 2725 1144 2810 praecedet
1177 2723 1291 2806 26.27;

113 2837 230 2922 psallet
252 2833 306 2899 27.
316 2840 360 2915 28,
384 2830 437 2896 28.
455 2842 490 2912 5;
514 2832 691 2916 compsallet
713 2829 766 2894 28.
778 2839 805 2896 9.

225 2957 282 3022 III
305 2978 394 3045 pera.
419 2955 508 3041 sing.
540 2953 610 3020 ind.
635 2954 724 3041 perf.
754 2955 871 3042 act.⁹):
908 2956 1190 3038 0000001211ος
1219 2980 1293 3044 pre·

118 3076 220 3133 curret
244 3066 356 3147 17.11;
381 3068 524 3131 meiicuet
540 3061 583 3148 (P)
596 3061 636 3148 ²⁰)
664 3063 766 3128 19.15.

227 3243 253 3312 1)
272 3241 350 3295 Mus.
369 3239 465 3294 Rhen.
484 3236 571 3307 XIII,
590 3238 651 3292 508.

226 3339 254 3407 2)
273 3337 312 3394 cf.
325 3337 346 3394 J
354 3335 549 3392 ubainvill
558 3351 586 3405 e,
599 3335 644 3390 La
653 3334 840 3391 declinaison
849 3335 944 3390 latine
958 3350 994 3389 en
1009 3335 1111 3409 Gaulo,
1125 3337 1211 3394 Paris
1225 3341 1292 3395 1872

117 3447 185 3503 pag.
207 3431 258 3483 105
272 3444 335 3495 sqq.
410 3439 426 3468 -’

225 3526 253 3594 3)
273 3525 311 3580 cf.
331 3521 595 3591 Schuchardt,
621 3521 696 3578 vok.
716 3522 739 3592 I,
753 3523 821 3578 258:
846 3523 938 3590 hobia,
958 3524 1075 3592 spondis
1094 3523 1201 3596 (Reate
1220 3527 1292 3593 557).

224 3626 253 3694 4)
273 3623 311 3677 cf.
330 3619 590 3689 Schuchardt,
610 3618 685 3675 Vok.
705 3619 728 3690 l,
742 3623 811 3676 313:
825 3621 1001 3690 proficerent
1019 3619 1177 3692 (Ravenna
1196 3625 1267 3691 551).

225 3723 253 3791 5)
272 3719 310 3775 cf.
328 3719 432 3787 Birt,
451 3718 512 3772 Der
530 3717 607 3771 Hiat
626 3717 675 3771 bei
694 3718 822 3773 Plautus
842 3736 909 3791 pag.
929 3720 989 3775 218.

225 3820 253 3888 6)
272 3817 310 3872 ci.
330 3815 589 3884 Schuchardt,
609 3813 685 3871 Volr.
704 3815 808 3882 1‚455:
826 3819 903 3871 uteri
920 3817 1003 3887 (Cod.
1023 3817 1101 3877 Med.
1120 3817 1227 3892 Verg.).

225 3920 251 3984 7)
271 3915 309 3970 cf.
329 3912 589 3981 Schuchardt,
609 3911 806 3982 vok.1,405:
826 3915 1012 3984 etrinqireter
1030 3918 1090 3984 (301
1110 3934 1139 3988 p.
1158 3916 1247 3984 obn).

224 4016 252 4081 8)
271 4012 310 4068 cf.
323 4009 579 4079 Schuchardt,
594 4008 667 4064 vok.
681 4009 721 4080 H,
734 4013 777 4065 45.
796 4011 943 4082 Exempla
955 4010 992 4067 ab
1006 4029 1041 4068 00
1053 4014 1170 4084 prolata
1183 4014 1292 4071 docent

117 4107 196 4161 hanc
216 4101 367 4159 scribendi
385 4101 535 4155 rationem
554 4097 624 4153 inde
644 4116 661 4153 0
679 4097 723 4153 IV
741 4117 769 4171 p.
789 4099 856 4155 Chr.
878 4101 999 4156 saeculo
1017 4103 1158 4159 inveniri.

224 4204 252 4270 9)
272 4201 309 4256 cf.
330 4196 589 4265 Schuchardt,
610 4195 686 4253 Vok.
697 4196 736 4266 11,
750 4200 801 4267 463
821 4199 908 4253 cuius
928 4199 1065 4270 exempla
1083 4199 1291 4259 demonstrant

118 4293 194 4347 hanc
213 4288 467 4362 permutationem
487 4287 547 4340 iam
565 4284 613 4340 ΙΠ
632 4303 660 4357 p.
679 4283 747 4340 Chr.
768 4301 846 4341 saec.
865 4287 1032 4342 exstitisse.

226 4387 269 4458 10)
289 4387 394 4441 Lectio
414 4389 461 4440 est
479 4385 603 4438 ineerta.
642 4381 745 4439 Oodex
763 4384 900 4454 praebet:
920 4387 1061 4443 conuocat
1078 4405 1133 4446 uon
1152 4391 1244 4448 hebet.
