3148 5108
631 392 827 462 ...θὸ-

247 593 406 681 Denique
441 594 572 658 adnoto
611 593 703 657 huno
743 592 875 658 locum:
915 597 1030 659 iustum
1064 601 1106 658 est
1139 613 1230 678 super
1264 613 1314 659 eos

135 707 288 772 iudicium
311 705 362 769 dci
383 703 436 766 32.
446 709 490 767 28.

689 855 763 921 pro.

248 943 472 1008 Adiectivum
497 944 609 1030 dipuus
632 941 713 1006 huic
736 939 990 1028 praepositioni
1015 940 1218 1007 adiunctum
1244 948 1312 1006 est:

149 1054 205 1119 Ubi
226 1061 269 1118 est
280 1051 410 1136 fructus
432 1059 503 1116 tuus
525 1071 613 1136 quem
634 1048 742 1133 fecisti
761 1071 819 1134 pro
842 1051 890 1116 iis
922 1049 1031 1135 quibus
1061 1052 1201 1134 accepisti
1230 1051 1315 1115 bouis

140 1160 293 1246 elipeum?
317 1158 422 1223 lan.

248 1263 373 1329 Restat
396 1268 436 1327 ut
452 1284 565 1350 pauca
583 1263 710 1328 addam
726 1262 768 1326 de
788 1261 935 1345 casibus,
961 1261 1021 1347 qui
1036 1261 1313 1348 praepositiones

141 1376 341 1459 sequuntur.
378 1370 588 1456 Plerumque
605 1368 883 1457 praepositiones
899 1367 999 1434 falsis
1016 1368 1153 1434 casibus
1171 1368 1312 1434 adiunc-

140 1488 197 1544 tae
222 1477 364 1544 suntin
388 1499 533 1542 numero
558 1476 738 1563 singulari,
764 1499 843 1541 oum
868 1500 899 1542 m
923 1475 1044 1540 finalis
1067 1475 1155 1540 nihil
1179 1475 1314 1541 valeret

140 1593 175 1650 et
205 1610 223 1652 c
254 1590 290 1649 et
319 1608 342 1661 u
372 1583 511 1648 litterae
546 1587 839 1670 permutarentur.
887 1583 1058 1669 Exempla
1095 1590 1177 1648 sunt
1206 1583 1312 1648 haec:

140 1716 160 1758 e
188 1702 310 1759 uentum
342 1692 456 1773 35.29;
492 1714 512 1756 u
545 1693 647 1756 lacum
681 1690 794 1771 28.13;
831 1700 902 1756 cute
933 1695 1093 1757 constituta
1126 1714 1182 1758 cre
1215 1691 1312 1772 3243

140 1822 244 1867 coeam
268 1800 427 1866 domiuum
451 1799 541 1864 deum
559 1798 612 1862 27.
625 1806 652 1880 8,
676 1820 744 1863 mm
759 1798 915 1883 fiduciam
931 1798 1045 1879 27.23;
1069 1821 1138 1864 cum
1158 1798 1314 1863 diiectissi-

139 1929 225 1973 mum
249 1908 386 1972 Peuium
409 1905 462 1969 35.
472 1913 523 1987 223
558 1928 627 1970 cum
650 1928 752 1971 omues
774 1914 893 1971 sanctos
914 1928 984 1972 suos
1006 1905 1120 1986 ‘rara
1156 1906 1313 1971 deiciam

140 2013 193 2080 34.
203 2022 254 2096 353
291 2014 329 2078 de
362 2014 513 2078 muudum
544 2012 597 2077 39.
608 2020 657 2094 ¹⁰3
687 2034 747 2096 per
780 2015 889 2078 virtue
923 2021 950 2078 et
984 2012 1174 2078 dulcitudine
1204 2012 1297 2076 38.ss

135 2143 194 2205 per
216 2121 320 2186 iubere
342 2121 613 2186 abecuuuciucioue
636 2128 663 2186 ct
685 2121 925 2204 sanctificatione
948 2128 975 2185 et
990 2121 1162 2186 humilitate
1185 2130 1213 2186 et
1235 2125 1314 2184 curi-

140 2237 201 2293 tcte
223 2236 251 2294 et
273 2227 508 2292 mausuetudine
531 2236 557 2292 et
579 2236 660 2292 rectu
676 2227 744 2312 fide
767 2226 819 2290 38.
830 2233 879 2307 283
898 2235 969 2311 post
992 2229 1163 2292 muitarum
1186 2249 1313 2292 crurum

140 2333 256 2413 29.23;
275 2355 355 2418 prce
378 2343 487 2400 ceteros
508 2335 645 2400 homiues
668 2333 780 2413 24.34;
807 2342 934 2418 prepter
958 2334 1107 2399 luciaco
1131 2335 1314 2419 erciunqeio

140 2440 253 2522 36.14;
277 2462 391 2506 cemes
413 2445 467 2526 qui
488 2441 544 2504 sub
566 2463 621 2507 uos
643 2449 714 2505 suut
737 2439 843 2503 3630.

249 2545 382 2610 Omitto
407 2544 545 2630 singula
570 2547 731 2632 exempla
755 2541 924 2632 proferre,
949 2544 985 2609 in
1010 2545 1134 2632 quibus
1158 2550 1192 2612 iu
1215 2567 1315 2631 prae-

140 2651 269 2738 positio
293 2651 383 2716 falso
409 2651 503 2716 casui
529 2651 695 2716 adiuncta
720 2658 782 2735 est,
808 2674 887 2717 oum
918 2673 1148 2739 unaquaeque
1182 2651 1314 2739 pagina

141 2757 301 2843 exempla
325 2757 503 2844 praebeat.

546 2988 622 3077 cap.
648 2989 693 3058 Ν.
729 2990 914 3076 severio.

212 3119 239 3180 l.
274 3116 333 3180 De
356 3115 493 3180 verbo
518 3115 561 3178 in
585 3115 832 3180 sententiis
856 3137 940 3180 non
965 3115 1240 3202 compositis.

545 3242 578 3322 a)
603 3240 655 3304 De
679 3240 904 3327 temporibus.

249 3345 418 3411 Praesens
442 3368 505 3432 pro
529 3346 649 3412 futuro
675 3356 726 3411 est
742 3347 911 3433 positum:
940 3349 1063 3434 quaudo
1085 3353 1164 3414 veuit
1181 3350 1319 3414 Christus

142 3463 213 3519 tuuc
236 3454 409 3520 dissolutus
430 3464 515 3520 teuc
540 3458 647 3540 prime
676 3464 703 3519 et
733 3477 785 3520 uec
807 3464 891 3519 terre
913 3455 1105 3521 hostendetur
1128 3465 1155 3520 ct
1177 3458 1234 3519 erit
1258 3503 1316 3519 ...

142 3559 253 3640 22.22;
287 3561 361 3626 deus
388 3562 528 3627 retribuit
556 3565 584 3626 ci
615 3583 682 3626 cum
713 3566 826 3627 uenerit
858 3563 901 3625 uei
923 3584 992 3627 eum
1016 3561 1129 3642 40243
1159 3565 1320 3648 ccpuccisti

142 3671 287 3754 qucuicuc
319 3689 502 3754 quecumque
528 3668 642 3751 fecerit
671 3673 878 3756 uuusquisque
907 3678 1038 3735 autrum
1072 3670 1173 3734 uidet?
1206 3668 1317 3748 17.27;

143 3775 247 3840 beatus
270 3778 349 3840 essi
381 3778 535 3860 inpressus
555 3775 663 3858 suecis
685 3775 798 3855 21.11;
822 3780 851 3841 si
872 3780 940 3862 quis
963 3780 1074 3842 invisses
1086 3776 1215 3859 fuerit.
1236 3825 1267 3840 ..
1293 3784 1320 3840 et

142 3885 298 3967 spectum
311 3881 416 3965 fuerit
436 3903 529 3966 super
552 3904 629 3964 eum,
654 3905 814 3969 nunquam
838 3889 1052 3949 cccuemcracic
1073 3887 1137 3950 eius
1150 3886 1193 3968 fit
1209 3882 1317 3962 34.10;

143 3992 241 4055 omnis
263 3991 317 4074 qui
338 3992 557 4055 wutriuuuerit
580 3993 719 4055 animum
742 4012 832 4055 muru
856 3998 883 4055 ct
904 4012 966 4056 ucu
979 3990 1065 4074 fucit
1085 3992 1249 4075 proprium
1272 4012 1319 4056 uo-

144 4099 291 4162 iuututeuc
319 4117 409 4160 suuuc
431 4105 560 4181 propter
592 4097 682 4162 deum
713 4119 782 4162 cum
811 4100 916 4162 exierit
946 4097 982 4161 cic
1011 4097 1126 4162 mundo
1157 4106 1183 4164 ct
1212 4098 1321 4163 ductus

140 4202 239 4285 fuecit
261 4202 305 4266 ac
326 4202 484 4267 domiuum
508 4204 598 4268 deum
623 4212 650 4269 et
672 4204 846 4269 oduccerit
862 4225 940 4287 cum,
963 4211 1035 4269 tuuc
1057 4208 1142 4270 iussu
1158 4204 1209 4270 dei
1222 4206 1320 4268 trudi·

144 4319 195 4377 tur
219 4310 368 4375 Mieiueio
393 4318 419 4375 et
441 4312 558 4377 inducit
582 4333 649 4376 euue
673 4315 707 4376 iu
729 4314 832 4378 cisitu
872 4311 1061 4394 ...25.28;
1087 4317 1152 4378 eto.
