3148 5108
202 1339 234 1443 l.
273 1338 354 1444 De
391 1335 583 1442 ratione
622 1367 749 1473 quae
783 1335 1058 1442 intercedat
1095 1335 1221 1442 inter
1258 1369 1372 1474 apo·

214 1515 215 1518 ‘
424 1495 636 1633 calypsis
674 1528 714 1602 s.
752 1495 890 1600 Pauli
929 1495 1150 1602 codices.

308 1727 441 1791 Multae
465 1725 559 1812 apud
582 1723 769 1812 scriptores
786 1722 1040 1790 ecclesiasticos
1056 1731 1374 1791 commemorantur

202 1834 441 1922 apocalypses,
459 1853 607 1918 quarum
619 1852 748 1918 parvus
760 1836 901 1896 tantum
916 1852 1081 1897 numerus
1097 1831 1141 1896 ad
1156 1852 1221 1897 nos
1233 1832 1373 1898 descen·

201 1941 263 2006 dit.
275 1940 301 2026 ¹)
335 1937 527 2005 Notissima
552 1944 604 2003 est
627 1937 851 2025 apocalypsis
867 1960 892 2003 s.
910 1937 1094 2022 Johannis,
1120 1960 1208 2025 quae
1233 1937 1375 2024 quidem·

201 2046 392 2112 maximam
407 2045 514 2109 habet
539 2043 786 2110 auctoritatem
803 2050 909 2130 atque
930 2045 974 2110 ab
991 2044 1136 2110 ecclesia
1152 2051 1205 2110 est
1220 2051 1372 2133 recepta.

201 2155 347 2218 Praeter
377 2151 469 2216 hanc
501 2152 632 2216 multae
665 2151 755 2216 aliae
791 2149 912 2237 primis
942 2150 1122 2237 religionis
1154 2150 1374 2217 Christianae

201 2259 418 2347 temporibus
440 2264 522 2324 sunt
545 2263 653 2342 ortae,
678 2279 764 2345 quas
792 2263 912 2322 tamen
938 2257 1161 2345 apocryphas
1186 2279 1258 2324 esse
1282 2257 1375 2323 inter

202 2389 322 2433 omnes
344 2371 494 2432 constat.
539 2365 582 2430 In
607 2387 647 2431 eo
669 2386 813 2430 numero
838 2364 945 2430 etiam
970 2364 1194 2452 apocalypsis
1218 2385 1243 2430 s.
1272 2363 1375 2430 Pauli

202 2479 267 2558 est,
301 2473 344 2538 ad
374 2495 479 2560 quam
509 2472 733 2537 tractandam
757 2471 941 2558 denuoque
966 2471 1137 2536 edendam
1161 2470 1295 2537 Birtius
1318 2493 1374 2536 me

202 2579 386 2663 invitavit3
415 2601 503 2666 quae
528 2579 668 2666 quidem
692 2579 820 2644 mirum
843 2577 880 2643 in
903 2579 1046 2643 modum
1069 2577 1242 2665 placuisse
1267 2585 1373 2666 atque

202 2688 329 2752 iterum
353 2686 548 2773 iterumque
573 2707 646 2751 esse
669 2684 828 2750 lectitata
853 2684 1010 2766 videtur3
1035 2706 1117 2749 nam
1140 2684 1221 2750 inde
1245 2707 1265 2750 a
1289 2691 1375 2750 tem·

202 2815 297 2880 pore,
323 2815 391 2878 quo
416 2791 556 2880 prodiit,
580 2813 689 2876 usque
713 2791 758 2857 ad
774 2790 925 2856 mediam
942 2796 1095 2856 aetatem
1112 2796 1253 2857 exstant
1268 2791 1375 2877 scrip-

203 2907 319 2966 torum
341 2896 554 2982 testimonia,
580 2896 705 2984 quibus
728 2896 764 2962 id
789 2896 1048 2984 comprobatur.

309 3003 520 3088 Audiamus,
561 3003 644 3091 quid
679 3009 815 3069 veteres
850 3002 1037 3091 scriptores
1072 3001 1299 3069 ecclesiastici
1333 3004 1376 3069 de

203 3113 269 3179 hoc
299 3111 388 3178 libro
416 3110 661 3176 iudicaverint.
708 3109 923 3176 Sozomenus
951 3109 1039 3176 haec
1067 3109 1177 3175 refert
1186 3113 1230 3194 ⁹):
1259 3109 1316 3198 τὴν
1344 3110 1377 3176 δὲ

203 3229 257 3286 νῦν
281 3213 325 3297 ὡς
346 3211 555 3305 ἀποκάλυψιν
572 3216 698 3284 Παύλου
714 3212 772 3282 νοῦ
795 3208 980 3284 οἷσοστόλου
1004 3222 1189 3306 φερομένην,
1213 3215 1250 3306 ἣν
1274 3210 1377 3295 οὐδεὶς

203 3321 343 3414 ἀρχαίων
367 3323 440 3405 alde,
464 3325 614 3390 πλεῖστοι
636 3332 783 3408 μαναχῶν
812 3321 1008 3390 ἐπαινοῦσιν·
1035 3321 1091 3390 ἐπὶ
1113 3321 1231 3411 ταύτης
1260 3323 1294 3389 δὲ
1322 3332 1378 3412 τῆς

203 3434 368 3518 βασιλείας
391 3430 605 3519 λσχυρίζονιαί
627 3455 711 3509 τινες
727 3429 843 3519 ταύτην
859 3424 1022 3518 ηὑρῆσθαι
1037 3429 1094 3518 τὴν
1108 3430 1226 3516 βίβλον·
1250 3431 1378 3516 λέγουσι

203 3539 264 3628 γὰρ
299 3537 334 3606 ἐκ
367 3543 465 3617 θείας
499 3535 693 3626 ἐπιφανείας
728 3535 761 3604 ἐν
794 3546 909 3625 Ταρσῷ
938 3545 995 3624 τῆς
1024 3538 1172 3615 Κιλικίας
1205 3535 1286 3602 κατὰ
1322 3535 1378 3625 τὴν

205 3647 308 3713 οἰκίαν
331 3644 459 3713 Παύλου
480 3649 679 3733 μαρμαρίνην
707 3643 848 3732 λάρνακα
877 3637 945 3710 cirri
973 3653 1031 3733 γῆν
1061 3637 1236 3733 εὑρεθῆναι
1261 3645 1316 3710 καλ
1346 3641 1378 3710 ἐν

205 3744 284 3841 αὐτῇ
318 3750 375 3840 τὴν
409 3753 519 3837 βίβλον
550 3749 642 3818 είναι.
685 3749 823 3839 ἐρομένῳ
858 3750 892 3817 δέ
920 3774 978 3835 μοι
1009 3751 1085 3838 περὶ
1115 3748 1229 3817 τούτου
1259 3750 1380 3838 ψεῦδος

205 3858 323 3950 ἔφησεν
347 3857 429 3925 είναι
453 3858 547 3938 Κίλιξ
568 3857 782 3947 πρεσβύτερος
805 3866 862 3948 τῆς
886 3855 918 3924 ίν
944 3865 1059 3945 Ταρσῷ
1082 3855 1257 3945 ἐκκλησίας·
1286 3881 1379 3944 νενο-

204 3972 291 4034 νέναι
313 3965 374 4053 μὴν
397 3965 458 4053 γὰρ
476 3967 604 4033 πολλῶν
628 3963 708 4032 ἑνῶν
737 3965 793 4030 καλ
822 3957 841 4050 ἡ
872 3963 971 4031 πολιὰ
1001 3963 1057 4030 τὸν
1086 3957 1185 4051 ἄνδρα
1215 3961 1378 4030 ἐδείκνυεν·

205 4071 292 4159 ἔλεγε
315 4072 348 4139 δὲ
370 4072 466 4160 μηδὲν
489 4082 635 4139 τοιοῦτον
658 4069 862 4138 ἐπίστασθαι
885 4062 963 4158 παρ’
988 4061 1098 4147 αὐτοῖς
1128 4069 1260 4154 συμβάν,
1291 4075 1379 4135 θαυ-

204 4178 318 4264 μάζειν
345 4203 381 4244 σε
405 4177 434 4245 εἰ
456 4178 500 4265 μὴ
522 4177 599 4244 τάδε
629 4176 710 4265 πρὸς
740 4177 909 4265 αλρετικιῦν
938 4169 1197 4243 οἷναιιέπλασται.
1243 4174 1379 4241 Deinde

314 4321 340 4391 1)
358 4320 531 4392 Herzog,
551 4317 846 4391 Reclencyklop‘ddio
865 4317 880 4373 I
899 4335 965 4390 pag.
985 4319 1046 4372 669.

312 4410 340 4478 2)
358 4408 439 4464 Hist.
460 4409 530 4464 eccl.
551 4407 619 4478 VII,
632 4409 672 4463 19.
