3148 5108
652 447 849 513 ,21-

163 644 323 710 Parisino
341 643 563 709 desideretur.
605 643 740 709 Deinde
763 649 891 728 autem,
914 643 976 709 ubi
1000 643 1136 710 codices
1152 643 1334 730 differunt,

46 778 48 780 ·
163 751 255 836 inde,
280 752 373 838 quod
396 749 575 817 Parisinus
600 757 661 817 aut
685 773 765 817 cum
789 750 924 816 Graeco
949 756 1010 816 aut
1035 773 1114 816 cum
1138 750 1228 839 Syro
1254 772 1335 818 con-

164 858 280 942 sentit,
305 858 431 923 iterum
455 857 654 924 Parisinum
677 879 814 945 semper
836 879 957 923 veram
987 857 1116 923 habere
1145 858 1334 925 lectionem

164 964 403 1052 eognovimus.
440 964 512 1032 Ubi
534 987 618 1031 vero
642 964 822 1030 Parisinus
846 963 946 1051 plura
970 964 1117 1051 praebet
1140 964 1276 1032 Graeco
1300 971 1336 1030 et

164 1073 264 1160 Syre„
288 1071 339 1137 ibi
355 1095 493 1160 quoque
509 1071 708 1137 Parisinum
724 1070 992 1159 praeferendum
1009 1093 1080 1137 esse
1097 1072 1335 1138 demonstrare

164 1180 290 1247 studui.
338 1180 405 1245 Sed
441 1178 580 1245 etiamsi
615 1179 682 1243 hac
717 1179 755 1243 in
789 1201 826 1244 re
859 1200 931 1244 non
963 1200 1100 1266 semper
1132 1177 1334 1245 firmissima

164 1293 303 1352 exstant
327 1292 546 1373 argumenta,
570 1291 689 1351 tamen
710 1285 801 1369 inde,
826 1286 919 1372 quod
943 1285 1079 1350 nullum
1104 1285 1177 1351 fere
1200 1285 1335 1351 inveni-

163 1417 240 1459 mus
263 1393 390 1478 looum,
415 1415 482 1480 quo
508 1393 664 1458 Graecus
688 1398 724 1457 et
741 1392 849 1479 Syrus
874 1391 1129 1458 eonsentientes
1153 1392 1336 1458 discedunt

164 1500 208 1566 ab
244 1501 304 1566 illo
339 1499 446 1584 libro,
483 1506 615 1565 certam
652 1498 889 1564 coniecturam
924 1499 966 1563 de
1002 1497 1074 1563 fide
1109 1498 1219 1564 totius
1254 1498 1336 1564 libri

163 1606 315 1673 Parisini
337 1608 455 1672 facere
478 1605 571 1671 licet.
587 1605 705 1693 ,Nihil
729 1627 813 1691 ergo
836 1603 995 1692 impedit,
1019 1605 1203 1692 quominus
1227 1611 1336 1672 statu-

164 1737 262 1780 amus
274 1713 472 1780 Parisinum
485 1719 622 1779 textum
633 1734 754 1778 veram
771 1711 963 1778 servavisse
977 1711 1162 1800 archetypi
1173 1712 1334 1780 formam.

270 1821 373 1886 Nunc
397 1820 588 1905 videamus,
617 1819 791 1906 quomodo
816 1819 859 1883 de
883 1817 1017 1884 Graeco
1051 1818 1140 1886 libro
1170 1818 1216 1885 sit
1247 1819 1336 1887 iudi-

164 1929 325 1994 candum.
372 1929 426 1992 Ac
449 1926 601 2015 primum
630 1926 771 2013 quidem
802 1948 845 1991 ex
877 1925 1140 2013 comparatione
1171 1925 1335 1993 instituta

164 2035 330 2122 apparuit
360 2035 453 2099 hunc
488 2033 616 2098 librum
651 2033 746 2098 haud
780 2031 901 2121 paucis
931 2032 1017 2098 locis
1049 2032 1200 2099 deficere
1230 2039 1336 2120 atque

163 2141 320 2229 suppleri
343 2162 408 2227 ope
433 2139 584 2206 Parisini
607 2145 642 2205 et
666 2139 812 2227 Syriaci,
837 2141 1020 2227 praeterea
1038 2145 1155 2206 autem
1171 2139 1259 2204 nihil
1277 2141 1336 2205 ad·

164 2248 276 2314 ditum
301 2269 384 2331 esse,
409 2246 502 2334 quod
519 2245 708 2312 abhorreat
724 2246 768 2312 ab
786 2246 989 2334 archetypo.
1026 2247 1081 2312 Ita
1105 2269 1189 2314 vero
1214 2253 1337 2313 auctor

43 2367 44 2370 ’
144 2363 145 2366 ’
163 2354 266 2420 huius
289 2353 370 2419 libri
392 2377 465 2419 rem
488 2375 587 2419 suam
605 2352 716 2440 egisse
732 2353 882 2437 videtur,
906 2357 946 2418 ut
962 2358 1024 2417 aut
1041 2376 1092 2437 ea,
1117 2376 1206 2440 quae
1222 2353 1336 2420 minus

163 2464 197 2528 ei
219 2461 418 2550 placebant,
442 2482 583 2548 prorsus
608 2459 787 2527 omitteret
811 2466 872 2525 aut
896 2482 947 2544 ea,
971 2482 1061 2547 quae
1083 2459 1120 2525 in
1142 2460 1336 2548 archetypo

162 2569 268 2635 latius
292 2573 508 2655 pertractata
531 2565 678 2651 invenit,
703 2566 740 2630 in
764 2565 905 2632 brevius
929 2566 1163 2634 contraheret.
1204 2565 1338 2633 Tamen

163 2676 199 2742 id
223 2675 358 2741 auctori
375 2675 636 2740 concedendum
660 2679 712 2739 est
736 2697 815 2738 eum
832 2679 905 2738 tam
921 2673 1102 2759 ingeniose
1118 2673 1337 2761 propositum

163 2781 361 2872 perfecisse,
386 2789 426 2847 ut
441 2780 626 2868 perpaucis
649 2786 789 2845 tantum
812 2779 898 2845 locis
922 2779 1078 2867 exceptis
1102 2803 1145 2845 ex
1169 2785 1338 2846 contextu

164 2889 313 2956 mutatio
338 2887 481 2953 minime
505 2885 617 2974 possit
641 2886 815 2972 cognosci.

272 2996 398 3061 Restat
414 2993 573 3082 denique,
597 2999 637 3060 ut
653 3015 767 3081 pauca
792 2993 919 3058 addam
943 2993 984 3058 de
1002 2991 1162 3081 Syriacis
1163 2993 1338 3061 'versioni-

164 3104 238 3170 bus.
285 3101 334 3167 Hi
355 3100 438 3167 libri
461 3101 533 3166 iam
562 3101 655 3166 inter
678 3123 714 3165 se
737 3121 865 3188 parvas
895 3098 1067 3187 praebent
1097 3099 1337 3168 dissensiones.

164 3212 351 3276 Praeterea
381 3215 499 3275 autem
524 3206 708 3295 archetypi
731 3207 883 3273 formam
910 3229 982 3273 non
1012 3229 1148 3294 semper
1178 3229 1339 3274 servave-

164 3323 264 3400 runt;
297 3339 368 3383 non
392 3314 505 3381 solum
521 3313 614 3380 enim
630 3313 800 3380 nonnulla
825 3313 943 3401 capita
967 3313 1003 3378 in
1027 3313 1122 3380 hisce
1146 3314 1243 3381 libris
1267 3337 1339 3382 om·

165 3424 249 3490 nino
267 3423 518 3506 desiderantur,
536 3423 596 3488 sed
613 3421 785 3509 interpres
802 3421 967 3508 Syriacus
984 3421 1092 3487 etiam
1107 3421 1201 3488 haud
1218 3423 1339 3510 paucis

166 3531 251 3597 locis
275 3536 410 3595 textum
443 3551 485 3594 ex
513 3527 659 3594 libidine
689 3528 914 3616 permutavit.
964 3529 1222 3617 Comprobatur
1252 3552 1337 3618 ergo

166 3635 426 3704 Tischendoriii
448 3634 626 3720 iudicium,
652 3636 744 3722 quod
768 3658 874 3723 supra
899 3642 993 3723 (pag.
1018 3636 1052 3719 8)
1078 3636 1256 3723 adscripsi.

274 3744 363 3810 Tota
394 3743 504 3830 igitur
535 3741 702 3829 quaestio,
734 3764 839 3828 quam
871 3744 913 3808 de
944 3740 1091 3829 singulis
1122 3742 1226 3810 huius
1258 3766 1338 3831 apo·

167 3850 319 3940 calypsis
342 3850 497 3916 textibus
522 3856 627 3937 atque
647 3850 689 3914 de
713 3848 803 3914 libro
820 3849 987 3936 primario
1012 3849 1237 3934 instituimus,
1261 3873 1340 3938 pro-

166 3959 295 4045 fligata
319 3958 390 4023 iam
414 3957 518 4023 etad
542 3955 675 4021 exitum
700 3956 852 4021 adducta
867 3955 1016 4022 videtur.
1058 3957 1144 4022 Oum
1160 3977 1340 4023 veronen

167 4065 276 4153 possit
311 4086 384 4130 esse
420 4062 575 4148 dubium,
609 4062 694 4150 quin
729 4062 942 4151 archetypus
975 4063 1176 4150 deperditus
1207 4063 1340 4129 Graece

167 4171 275 4238 fuerit
298 4171 458 4259 scriptus,
483 4177 601 4236 textus
626 4176 744 4235 autem
767 4169 957 4255 Parisinus,
987 4192 1090 4257 quem
1114 4169 1272 4256 proxime
1297 4172 1341 4236 ad

168 4279 400 4366 archetypum
417 4279 581 4344 accedere
598 4277 923 4362 demonstravimus,
948 4277 1193 4364 interpretatio
1211 4276 1340 4343 Latina

168 4387 262 4458 illius
284 4385 364 4458 libri
389 4385 444 4476 sit,
468 4408 540 4453 non
564 4384 688 4455 inutile
713 4385 801 4451 duco
818 4385 940 4480 paucis
964 4383 1141 4469 disserere,
1166 4385 1340 4476 quomodo
