3148 5108
240 612 381 696 desunt3
417 619 598 699 praeterea
629 618 746 677 autem
777 619 832 678 sat
861 611 963 677 multi
994 612 1063 678 loci
1097 612 1133 676 in
1163 613 1285 679 eodem
1320 612 1408 679 libro

238 717 477 803 inveniuntur,
501 717 561 806 qui
584 740 724 806 prorsus
748 718 937 785 abhorrent
961 742 981 783 a
1013 719 1148 785 Graeco
1173 726 1207 784 et
1237 719 1408 790 Parisino,

240 825 307 890 Sed
330 824 401 892 iam
424 825 616 909 videamus,
644 847 729 890 num
758 826 912 891 Graecus
943 847 1080 913 quoque
1111 832 1146 891 et
1177 825 1285 914 Syrus
1315 827 1410 892 locos

239 931 443 1019 praebeant,
461 954 546 1019 quos
563 931 599 996 in
612 931 771 998 Parisino
785 931 1026 998 desideremus.
1061 933 1137 1012 Qua
1153 932 1190 997 in
1206 933 1409 1020 quaestione

240 1037 462 1104 diiudicanda
492 1039 637 1126 pusillas
661 1044 798 1104 tantum
823 1046 858 1104 et
881 1062 1075 1127 perpaucas
1105 1062 1159 1106 res
1189 1040 1226 1104 in
1257 1040 1410 1105 medium

239 1145 395 1233 prolerre
418 1168 611 1233 possumus,
637 1168 714 1211 cum
731 1146 911 1212 Parisinus
934 1146 1023 1211 liber
1045 1147 1184 1213 uberior
1207 1147 1253 1212 sit
1276 1146 1409 1212 ceteris.

239 1253 292 1317 Ac
315 1253 466 1340 primum
486 1251 626 1340 quidem
650 1253 819 1318 nonnulla
839 1253 947 1319 verba
965 1276 1040 1340 cap.
1058 1254 1151 1318 XIX
1175 1254 1410 1342 comparanda

239 1381 408 1447 propone.
445 1360 562 1426 Verba
584 1359 720 1424 Graeca
745 1366 826 1425 sunt
849 1359 952 1425 haec:
978 1361 1032 1424 καὶ
1055 1358 1123 1425 ἰ’δον
1146 1359 1248 1449 πύλην
1267 1366 1410 1448 χρυσέην,

239 1467 293 1531 καὶ
328 1465 384 1532 δύο
418 1465 551 1544 στύλους
582 1472 733 1553 χρυσέους
763 1465 951 1553 ἔμπροσθεν
978 1458 1085 1556 αὐτῆς,
1115 1468 1170 1533 καὶ
1200 1467 1255 1532 δύο
1286 1467 1412 1545 πλάκας

236 1577 372 1661 χρυσέας
395 1571 505 1638 ἐπάνω
534 1564 630 1662 αὐτῆς
660 1572 793 1660 πλήρεις
822 1573 1028 1661 γραμμάτων.
1075 1573 1218 1640 Graecis
1249 1582 1411 1640 accurate

240 1681 453 1767 respondent
477 1679 622 1767 Syriaca
632 1680 673 1767 1);
707 1680 784 1767 „ioh
809 1680 1027 1746 betrachtete
1052 1681 1100 1745 sie
1125 1682 1185 1769 (sc.
1204 1681 1259 1746 die
1275 1680 1410 1767 Pforte)

239 1787 311 1852 und
335 1787 409 1871 sah,
441 1787 519 1852 dass
550 1786 598 1851 sie
621 1787 753 1852 reiuem
778 1787 890 1853 Gelda
922 1787 1028 1873 glioh.
1075 1789 1149 1854 Ver
1178 1787 1233 1852 ihr
1263 1788 1411 1853 standon

241 1894 327 1959 zwei
359 1893 488 1959 Saulen
518 1893 584 1958 wie
617 1915 686 1959 von
719 1893 886 1959 Diamant
919 1894 990 1959 und
1021 1894 1148 1960 darauf
1177 1917 1295 1960 waren
1326 1894 1411 1960 zwei

240 2000 486 2067 beschriebene
510 2000 668 2066 Tafeln.“
714 2001 811 2080 Quae
835 2002 976 2066 tabulae
1000 2001 1037 2065 in
1060 2000 1220 2066 Parisino
1244 2000 1310 2066 hoc
1334 2001 1411 2066 loco

240 2131 311 2174 non
335 2114 416 2174 sunt
439 2115 742 2190 commemoratae,
766 2107 815 2173 ibi
832 2108 924 2172 enim
941 2114 1081 2173 exstant
1097 2107 1201 2173 haee:
1229 2114 1284 2194 „et
1299 2107 1412 2172 inten-

241 2216 326 2280 dens
349 2215 433 2299 vidi,
465 2221 501 2281 et
525 2220 601 2280 erat
624 2222 726 2302 porta
751 2237 867 2298 aurea,
899 2222 935 2279 et
959 2215 1047 2279 duae
1073 2216 1255 2280 columnae
1286 2236 1411 2279 aureae

241 2322 343 2411 plene
372 2323 520 2410 desuper
548 2321 659 2388 literis
690 2322 835 2388 aureis“.
882 2320 984 2386 Alter
1013 2322 1127 2405 locus,
1159 2343 1226 2408 quo
1258 2321 1412 2386 Graecus

242 2436 278 2494 et
302 2429 467 2516 Syriacus
491 2431 732 2494 demonstrant
748 2451 923 2516 perpauca
947 2428 984 2492 in
1000 2427 1159 2494 Parisino
1184 2450 1256 2493 esse
1274 2427 1410 2511 omissa,

242 2541 357 2601 exstat
378 2535 415 2600 in
438 2558 513 2622 cap.
530 2535 705 2619 XXXIV,
730 2534 789 2601 ubi
805 2535 841 2599 in
859 2535 994 2601 Graeco
1012 2534 1100 2601 libro
1120 2535 1207 2600 haec
1231 2534 1410 2620 leguntur:

242 2644 296 2708 καὶ
329 2640 362 2709 ἓν
396 2635 485 2729 αὐτῷ
519 2644 581 2730 (so.
617 2641 750 2730 σιδήρῳ)
785 2635 938 2731 dulcisceu
971 2641 1012 2707 τὰ
1042 2640 1151 2729 ’ἔντερα
1180 2651 1236 2707 τοῦ
1267 2646 1413 2728 γέροντος

243 2747 363 2817 ἐκείνου
386 2748 438 2814 διὰ
462 2757 519 2814 τοῦ
542 2747 702 2832 στόματος
725 2741 833 2832 αὐτοῦ,
864 2749 990 2835 quibus
1014 2749 1058 2814 ad
1090 2749 1235 2814 verbum
1266 2748 1412 2836 Syriaca

243 2857 506 2944 respondent²);
543 2855 578 2919 in
608 2856 736 2922 Latino
766 2878 864 2940 vero
880 2856 967 2922 haec
997 2863 1136 2921 tantum
1167 2855 1411 2921 inveniuntur:

245 2964 308 3050 „de
332 2985 400 3050 quo
425 2962 485 3049 (sc.
509 2962 618 3048 ferro)
642 2961 889 3050 perfodiebant
913 2962 1046 3028 viscera
1070 2963 1160 3028 senis
1183 2961 1308 3028 iniust

349 3105 437 3171 Tam
461 3128 574 3193 pauca
598 3111 633 3169 et
656 3104 783 3192 pusilla
814 3127 897 3191 ergo
921 3111 1012 3188 sunt,
1044 3105 1170 3192 quibus
1194 3104 1348 3170 Graecus
1378 3111 1414 3170 et

244 3213 408 3300 Syriacus
441 3218 563 3278 contra
595 3211 794 3278 Parisinum
825 3211 997 3278 veriorem
1028 3210 1212 3299 archetypi
1243 3211 1414 3299 praebent

243 3320 404 3404 formam,
429 3318 552 3384 utrix
576 3340 702 3406 operae
726 3318 879 3406 pretium
911 3340 984 3384 esse
1014 3318 1176 3383 videatur
1207 3319 1249 3382 de
1280 3317 1347 3384 hac
1376 3341 1414 3383 re

243 3427 351 3493 verba
374 3426 509 3492 fecisse.
556 3426 658 3493 Unde
682 3433 802 3490 tamen
826 3425 862 3489 id
892 3425 1080 3512 probatum
1112 3447 1184 3490 esse
1215 3425 1414 3512 putaverim

244 3557 286 3599 ex
310 3533 537 3600 consensione
565 3533 713 3597 duorum
744 3531 903 3598 codicum
934 3532 1173 3597 coniecturam
1204 3531 1284 3597 fieri
1314 3552 1414 3619 posse

244 3642 285 3706 de
310 3640 513 3728 archetypo.
550 3639 637 3704 Cum
662 3660 745 3705 vero
769 3661 841 3704 non
865 3660 1001 3726 semper
1019 3638 1157 3704 accidat
1180 3650 1220 3703 ut
1244 3638 1319 3704 bini
1333 3638 1416 3704 libri

244 3746 476 3831 consentiant,
501 3747 618 3834 plures
641 3746 737 3833 leges
767 3753 922 3812 statuere
953 3769 1040 3834 opus
1070 3752 1132 3811 est.
1179 3746 1233 3811 Ac
1263 3745 1415 3833 primum

244 3854 383 3942 quidem
414 3876 486 3918 nen
510 3859 627 3940 potest
651 3875 723 3918 esse
748 3853 902 3938 dubium,
932 3853 1016 3940 quin
1040 3852 1069 3918 si
1093 3853 1153 3940 qui
1177 3852 1273 3918 locus
1297 3860 1415 3917 textus

243 3960 393 4027 Parisini
418 3961 454 4024 in
471 3960 606 4026 Graeco
623 3959 763 4046 quidem
787 3983 859 4027 non
875 3967 1001 4044 exstat,
1025 3966 1145 4026 tamen
1161 3980 1255 4044 ver0,
1280 3959 1310 4025 si
1333 3958 1415 4024 huic

244 4069 332 4135 libro
349 4067 522 4152 inseritur,
539 4066 726 4132 verborum
745 4073 950 4134 contextum
966 4067 1147 4132 meliorem
1162 4066 1305 4132 reddere
1321 4065 1416 4132 vide·

354 4281 378 4353 1)
397 4279 671 4350 Heidenheim‚
694 4277 1014 4352 Vierteljahrsschrift,
1041 4285 1111 4335 tom.
1131 4278 1183 4348 IV,
1208 4296 1274 4352 pag.
1303 4281 1353 4334 153
1373 4296 1416 4347 sq.

352 4372 379 4440 2)
399 4369 438 4426 cf.
456 4368 716 4426 Heidenheim
734 4369 753 4425 l.
771 4370 791 4424 l.
811 4386 878 4442 pag.
898 4370 958 4424 165.
