3148 5108
640 455 846 538 -er--¹

311 672 393 738 pag.
419 651 471 716 78.
484 659 510 716 2.
948 671 1030 737 pag.
1054 649 1163 717 3410.

143 777 181 845 Si
220 776 299 864 quis
337 775 501 840 mittatur
539 774 576 839 in
611 773 678 840 hoc
786 774 823 840 Si
868 774 945 862 quis
990 774 1098 840 misus
1137 774 1246 840 fuerit
1283 774 1321 840 in

142 891 269 972 puteo,
308 904 379 948 non
425 881 491 946 iiet
529 903 678 947 comme·
785 881 880 947 hunc
914 886 1059 968 puteum
1091 932 1098 946 .
1125 932 1131 944 .
1158 913 1165 947 .
1192 933 1199 946 .
1233 902 1321 946 nun·

142 989 299 1056 moracio
325 988 398 1054 eius
421 988 459 1053 in
487 993 678 1074 conspectu
785 1009 891 1075 quam
907 987 1159 1053 comemoracio
1178 987 1253 1053 eius
1274 987 1320 1053 fit

337 1093 481 1162 domini.
784 1093 821 1159 in
845 1101 1036 1181 conspectu
1059 1093 1171 1182 patris
1195 1101 1231 1160 et
1249 1094 1319 1161 filii

876 1207 910 1265 et
934 1199 1077 1287 spiritus
1100 1201 1224 1268 sancti.

250 1344 391 1409 Certum
421 1343 533 1430 igitur
562 1350 616 1410 est
647 1341 753 1410 etiam
786 1342 1010 1410 has‘fcrmas
1041 1343 1158 1431 aliqua
1181 1344 1318 1411 ratione

141 1473 221 1517 cum
256 1449 415 1517 Parisino
446 1450 647 1534 cohaerere,
678 1470 890 1537 quamquam
918 1451 1030 1516 multa
1061 1450 1198 1535 insunt,
1228 1472 1318 1540 quae

42 1615 45 1624 .
141 1557 285 1624 aliunde
309 1555 491 1622 fluxerint.

249 1680 414 1747 Formam
448 1681 481 1746 V
516 1688 559 1745 'cx
593 1679 717 1746 formis
753 1680 809 1744 ΙΠ
844 1687 879 1744 et
914 1680 966 1748 IV
1005 1681 1204 1749 confectam
1244 1704 1317 1748 esse

140 1786 355 1854 Brandesius
380 1785 624 1875 comprobavit
636 1785 677 1874 1);
702 1785 792 1851 nihil
815 1808 898 1872 ergo
916 1788 958 1853 de
982 1786 1049 1854 hoc
1074 1787 1163 1856 libro
1189 1789 1316 1857 adden-

143 1896 227 1960 dum
252 1900 313 1960 est.
997 1977 999 1982 λ

247 2001 290 2065 In
319 1999 434 2067 forma
464 2000 615 2087 denique
639 2000 690 2065 VI
701 1999 726 2087 ¹)
755 1999 844 2064 nihil
872 1999 939 2066 nisi
969 2000 1216 2068 damnatorum
1247 2009 1317 2069 tor·

140 2114 259 2174 menta
295 2107 519 2192 describitur,
560 2106 677 2173 omnia
713 2105 916 2173 brevissime
950 2115 1179 2196 peraguntur.
1228 2109 1315 2175 Cum

141 2236 225 2280 vero
258 2214 346 2280 haec
378 2214 492 2279 forma
523 2213 628 2301 plane
659 2213 816 2280 discedat
845 2236 866 2279 a
899 2213 1032 2299 ceteris,
1065 2215 1206 2283 omnino
1239 2239 1316 2282 eam

142 2322 305 2407 neglego.

248 2427 298 2493 Ut
322 2433 565 2513 cognoscatur,
591 2449 681 2512 quae
705 2432 820 2505 exstet
835 2426 926 2493 ratio
951 2426 1043 2493 inter
1065 2427 1221 2515 singulas
1244 2429 1314 2496 fcr-

139 2555 225 2618 mas,
250 2533 462 2600 Brandesius
485 2533 552 2600 hcc
577 2533 774 2600 construxit
798 2535 999 2622 stemma³):

137 3356 181 3421 A.
195 3354 377 3442 significat
402 3355 643 3443 archetypum,
668 3381 689 3420 α
704 3359 777 3440 att
796 3354 905 3421 libros
929 3353 1076 3420 Latinos
1101 3351 1309 3441 deperditos,

137 3461 274 3528 numeri
297 3461 450 3529 Romani
473 3467 635 3527 textuum
659 3462 922 3528 decurtatorum
946 3461 1087 3528 formas.

245 3584 345 3665 Quod
371 3591 518 3651 stemma
542 3585 571 3651 si
594 3585 782 3670 intuemur,
806 3585 965 3652 videmus
989 3585 1123 3651 formae
1139 3584 1158 3649 Ι
1173 3584 1309 3650 fontem

137 3691 244 3758 fuisse
276 3692 406 3758 librum
441 3718 471 3776 α,
505 3699 638 3758 ceteras
668 3714 750 3758 vero
786 3693 917 3758 formas
953 3691 1079 3758 omissa
1112 3691 1226 3756 forma
1258 3691 1311 3758 VI

136 3799 283 3866 fluxisse
307 3821 350 3864 ex
373 3797 463 3864 libro
487 3804 516 3884 β,
541 3800 601 3886 qui
626 3800 670 3867 ab
694 3826 715 3865 α
739 3798 917 3865 derivatus
941 3804 1003 3864 ast.
1039 3797 1189 3863 Formae
1213 3797 1310 3863 I-V

141 3945 175 3955 -
195 3913 236 3972 ut
258 3927 363 3994 supro
388 3905 626 3971 demonstravi
643 3943 684 3955 -
701 3905 892 3973 cohaerent
916 3926 996 3970 cum
1019 3910 1121 3970 textu
1138 3903 1309 3987 Parisino,

137 4013 229 4102 quod
252 4011 463 4078 testimoniis
480 4012 655 4078 affirmari
671 4020 789 4100 potest
812 4011 849 4077 in
870 4033 910 4077 ea
926 4018 1067 4078 tantum
1082 4016 1193 4099 parte,
1219 4032 1308 4097 quae

245 4225 271 4294 1)
290 4223 329 4280 cf.
346 4223 522 4280 Brondes
540 4225 559 4280 1.
578 4225 598 4279 l.
616 4242 684 4297 pag.
703 4228 737 4281 37
752 4243 814 4293 sqq.

243 4315 270 4384 2)
289 4313 328 4369 cf.
346 4313 526 4369 Brandes
546 4315 565 4368 l.
582 4314 602 4368 l.
621 4331 689 4387 pag.
710 4316 744 4370 39
759 4332 803 4382 sq.

243 4406 272 4474 3)
289 4402 467 4460 Brondes
486 4403 506 4458 l.
524 4403 543 4457 1.
562 4421 629 4476 pag.
648 4407 691 4460 41.
