3148 5108
654 400 849 466 „ffi-

167 599 232 665 bus
256 596 484 681 Germanicis,
510 596 665 682 Gallicis,
694 596 864 683 Anglieis.
911 597 1041 663 Nostra
1071 596 1138 663 hoo
1166 598 1245 663 loeo
1276 597 1338 662 im-

167 704 288 792 primis
311 705 457 770 interest
480 703 671 790 exquirere,
703 727 791 790 quae
822 710 936 770 exstet
959 703 1049 771 ratio
1080 703 1172 770 inter
1202 711 1339 770 textum

167 812 365 879 Parisinum
390 817 496 898 atque
519 811 597 878 illos
620 810 726 877 libros
750 810 906 879 Latinos.

274 935 460 1004 Versiones
476 935 636 1019 Latinae,
660 936 702 1001 de
719 935 846 1023 quibus
862 935 1073 1002 Brandesius
1093 936 1211 1020 refert,
1235 936 1338 1002 valde

167 1043 339 1109 differunt
377 1067 397 1108 a
436 1043 560 1110 ceteris
598 1041 772 1126 textibus,
818 1063 904 1128 quos
948 1064 1052 1130 supra
1090 1042 1338 1110 traetavimus:

167 1173 312 1238 parvam
352 1156 491 1216 tantum
531 1148 753 1236 apocalypsis
792 1156 929 1235 partem
968 1149 1155 1237 praebent,
1196 1151 1256 1215 sed
1294 1173 1339 1215 ne

167 1280 208 1323 ea
240 1258 397 1344 quidem,
429 1279 518 1343 quae
549 1255 586 1319 in
616 1255 659 1320 iis
688 1255 864 1341 leguntur,
897 1278 976 1321 oum
1003 1256 1072 1322 illis
1105 1256 1337 1324 consentiunt.

168 1364 301 1429 Tamen
324 1364 387 1429 hos
415 1362 551 1428 libellos
579 1360 779 1427 hominibus
808 1362 944 1427 mediae
974 1363 1102 1429 aetatis
1131 1363 1234 1429 valde
1265 1363 1339 1450 pla-

168 1471 279 1537 cuisse
308 1470 364 1534 vel
394 1492 437 1535 ex
469 1491 510 1535 eo
534 1467 762 1554 intellegitur,
794 1469 887 1556 quod
917 1469 1083 1556 permulti
1114 1469 1158 1535 ad
1189 1491 1252 1535 nos
1283 1469 1339 1534 de-

170 1577 379 1643 scenderunt
396 1575 548 1657 oodiees;
568 1574 781 1640 Brandesius
801 1575 895 1640 enim
911 1575 1042 1663 viginti
1057 1577 1143 1642 duos
1160 1599 1340 1642 enumera-

167 1685 220 1749 vit
235 1683 344 1748 libros
354 1684 389 1768 ¹),
414 1704 561 1768 quorum
578 1687 746 1768 quattuor
761 1689 843 1748 sunt
859 1682 1155 1767 Vindobonenses,
1173 1690 1340 1770 quattuor

169 1791 425 1876 Sangallenses,
450 1795 530 1854 ooto
547 1788 798 1874 Londinenses,
823 1790 932 1855 ceteri
955 1813 1015 1855 sex
1038 1790 1075 1854 in
1099 1790 1175 1855 aliis
1199 1812 1339 1856 servan-

167 1905 225 1963 tur
247 1896 514 1980 bibliothecis.)
549 1897 711 1982 Plerique
736 1919 824 1962 saeo.
848 1896 938 1962 XIV
954 1903 989 1962 et
1004 1897 1075 1964 XV
1098 1905 1180 1963 sunt
1206 1897 1338 1984 scripti,

168 2013 238 2070 tres
261 2010 380 2070 tamen
411 2003 553 2068 maioris
584 2009 666 2067 sunt
696 2003 839 2068 aetatis:
871 2004 940 2069 duo
970 2003 1063 2069 enim
1095 2004 1339 2091 Sangallenses

168 2111 304 2177 oodioes
336 2133 424 2176 saee.
449 2109 506 2175 IX
530 2116 612 2175 sunt
639 2109 718 2193 orti,
749 2110 943 2195 Palatinus,
976 2111 1036 2198 qui
1059 2111 1096 2176 in
1128 2111 1339 2178 bibliotheca

168 2219 342 2285 Vatioana
373 2222 542 2298 servatur,
572 2237 660 2282 saeo.
685 2216 834 2281 IX—X.
881 2217 1093 2284 Brandesius
1122 2217 1195 2306 ipse
1220 2220 1339 2284 deeem

169 2325 304 2392 oodiees
327 2324 489 2411 inspexit,
514 2345 557 2388 ex
582 2323 708 2410 quibus
731 2344 791 2388 sex
807 2323 1027 2411 potissimum
1047 2324 1191 2391 visionis
1207 2326 1340 2390 formas

168 2431 434 2518 distinguendas
459 2453 531 2495 esse
555 2429 733 2515 cognovit,
758 2429 808 2494 ita
833 2429 926 2494 enim
950 2430 1111 2517 refert³):
1139 2431 1226 2518 ,Mit
1241 2432 1338 2498 Hilfe

170 2541 230 2604 der
264 2561 335 2604 von
363 2537 431 2602 mir
460 2537 653 2602 benutzten
687 2537 766 2601 Hss.
799 2536 914 2601 lassen
944 2537 1019 2603 sioh
1053 2539 1152 2604 seehs
1187 2540 1340 2605 Formen

169 2646 374 2729 feststellen,
398 2644 435 2709 in
459 2644 572 2708 denen
596 2643 645 2709 sie
670 2647 728 2725 (so.
746 2642 844 2709 Visio
869 2667 894 2709 s.
912 2644 1028 2727 Pauli)
1052 2645 1127 2710 sieh
1150 2645 1341 2712 verbreitet

168 2753 241 2837 hat,
265 2752 338 2818 und
361 2751 427 2817 wir
449 2749 575 2815 diirfen
606 2748 813 2833 annehmen,
847 2750 925 2816 dass
958 2750 1050 2816 diese
1080 2751 1178 2817 seehs
1201 2753 1340 2817 Redak-

154 2853 289 2925 'tionen
313 2857 368 2924 die
384 2855 612 2942 wiehtigsten
627 2855 766 2920 Phasen
782 2854 876 2922 ihrer
892 2857 1145 2944 Entwieklung
1160 2867 1341 2945 reprttsen-

168 2967 311 3033 tieren.“

274 3073 339 3139 His
377 3069 575 3160 praemissis
614 3069 685 3134 iam
724 3068 880 3154 singulas
919 3069 1052 3136 formas
1086 3073 1340 3160 perlustrantes

168 3183 366 3265 videamus,
402 3179 576 3267 quomodo
612 3175 782 3241 differant
818 3176 861 3241 ab
897 3177 1100 3265 archetypo.
1147 3179 1340 3246 Exordium

169 3311 345 3358 sumamus
362 3310 382 3352 a
398 3287 513 3353 forma
529 3284 557 3369 I,
583 3283 679 3348 euius
695 3289 833 3349 textum
849 3283 1061 3351 Brandesius
1077 3286 1173 3374 (pag.
1191 3288 1234 3354 65
1250 3290 1339 3376 sqq.)

169 3418 212 3461 ex
236 3396 356 3461 oodiee
373 3391 635 3461 Vindobonensi
658 3391 723 3458 362
747 3412 835 3456 saec.
860 3391 952 3457 XIV
974 3391 1092 3459 edidit.
1139 3395 1340 3481 Antequam

168 3525 251 3568 vero
284 3502 368 3588 quid
397 3501 471 3588 ipse
501 3498 652 3564 iudicem
684 3498 725 3562 de
754 3496 820 3562 hoo
850 3497 939 3563 libro
970 3521 1154 3587 exponam,
1186 3524 1227 3568 ea
1252 3527 1340 3590 quae

168 3609 227 3674 ille
250 3607 447 3692 disseruit)
471 3605 663 3693 proferam:
691 3604 947 3691 ῃ1161118116611.
965 3604 1075 3672 Texte
1096 3630 1152 3673 am
1168 3609 1339 3676 naehsten

169 3717 263 3783 steht
287 3715 342 3781 die
365 3714 425 3780 lat.
450 3714 478 3779 Ι.
495 3712 708 3795 Redaktion,
734 3709 788 3774 die
805 3710 865 3775 der
882 3713 956 3777 eod.
974 3711 1121 3780 Vindeb.
1139 3717 1204 3782 362
1221 3717 1338 3784 bietet.

170 3823 249 3891 Wie
277 3823 379 3910 jener
409 3820 549 3886 nerfallt
585 3818 634 3884 sie
665 3819 702 3883 in
732 3816 820 3882 zwei
851 3816 965 3903 Teile,
1001 3820 1107 3886 deren
1143 3823 1238 3889 einer
1273 3825 1340 3890 den

277 4001 302 4071 1)
322 3999 361 4055 ef.
380 3997 574 4067 BrandeS‚
593 3995 681 4052 Visio
701 4010 724 4048 s.
743 3992 840 4063 Pauli,
860 3993 957 4050 Halae
978 3999 1054 4068 1885,
1073 4018 1139 4072 pag.
1159 4002 1191 4056 21
1206 4020 1267 4070 sqq.

276 4091 303 4160 2)
321 4093 354 4146 ln
374 4106 408 4143 eo
427 4104 552 4142 numero
579 4085 672 4140 etiam
697 4082 843 4138 revelatio
863 4101 885 4139 s.
906 4084 996 4140 Pauli
1022 4093 1075 4158 est,
1102 4089 1138 4144 de
1164 4109 1223 4158 qua
1249 4111 1341 4167 supra

77 4173 79 4177 .
168 4185 245 4254 (pag.
266 4184 292 4246 7)
312 4178 404 4235 verba
423 4177 561 4231 fecimus.

275 4271 303 4340 3)
321 4266 495 4323 Brandes
515 4266 534 4320 l.
553 4265 572 4319 1.
591 4283 658 4337 pag.
678 4267 719 4321 23.

275 4362 304 4430 4)
323 4356 498 4414 Brandes
517 4355 536 4410 l.
555 4355 574 4409 1.
593 4373 659 4430 pag.
680 4357 714 4413 24
727 4377 770 4431 sq,
