3148 5108
738 425 935 494 ,36-

247 623 371 692 vimus.
418 623 562 692 Ceterae
595 647 668 710 res,
702 646 793 712 quas
828 646 872 689 ex
907 622 996 688 libro
1028 620 1194 710 primario
1228 621 1427 704 fluxerunt,

247 731 451 820 conspirant
474 753 553 797 cum
576 732 694 798 forma
718 731 755 796 11
771 736 807 796 et
823 729 889 796 111.
924 730 1000 795 Has
1022 730 1156 794 formas
1179 729 1242 816 (Π,
1265 729 1333 812 ΙΠ,
1356 727 1428 814 sV)

248 861 291 904 sx
316 839 439 905 eodem
469 838 569 905 fonte
599 838 746 905 haustas
775 860 848 903 esse
878 835 1132 902 demonstravit
1162 834 1386 901 Brundesius.
1398 835 1427 920 ¹)

248 946 492 1026 Quaerendum
516 944 625 1033 igitur
648 952 712 1030 est,
735 966 820 1011 num
843 943 902 1009 ille
925 964 1064 1030 quoque
1088 941 1186 1027 liber,
1219 964 1239 1006 a
1263 963 1333 1029 quo
1356 941 1428 1006 hae

247 1053 446 1140 dependent
470 1052 617 1138 formae,
645 1051 834 1118 cohaereat
867 1071 947 1116 cum
978 1048 1149 1115 Parisino.
1196 1049 1314 1135 Atque
1344 1069 1427 1135 pro-

247 1159 341 1226 fecto
374 1181 428 1225 res
462 1158 515 1224 ita
549 1181 623 1225 esse
657 1159 816 1241 videtur,
851 1157 946 1245 quod
980 1178 1024 1221 ex
1058 1154 1124 1221 hao
1160 1154 1426 1242 comparatione

247 1266 382 1334 formae
404 1264 456 1332 IV
480 1272 516 1332 ot
538 1264 691 1332 Parisini
714 1263 820 1330 facile
844 1263 1078 1330 concluditur:

324 1426 457 1493 'l'extus
480 1427 615 1492 formae
638 1425 700 1492 IV.

318 1550 477 1617 Brandes
507 1572 588 1638 pag.
613 1551 704 1616 77.3.

247 1681 417 1762 erantque
443 1674 492 1739 ibi
515 1674 630 1762 puelle
648 1724 654 1739 .
673 1725 680 1739 .
699 1724 706 1740 .
727 1673 780 1738 in·

247 1781 330 1846 dutc
346 1780 423 1869 pice
440 1787 476 1846 et
492 1781 634 1848 sulfure.
657 1780 781 1864 (Addit

246 1909 308 1955 ms.
337 1887 464 1956 267702
498 1887 622 1953 indute
653 1886 779 1974 pannis

247 1999 283 2059 et
295 1992 373 2081 pice
386 1999 422 2059 et
434 1992 601 2081 sulphure
617 2000 654 2058 et
669 1993 777 2080 igne).

416 2193 500 2260 pag.
525 2172 578 2238 77.
590 2181 617 2236 9.

246 2295 301 2362 He
334 2302 416 2362 sunt
441 2318 509 2383 quo
534 2346 541 2362 .
568 2347 575 2361 .
601 2349 608 2364 .
632 2317 779 2361 necave-

244 2409 329 2468 runt
364 2401 520 2469 infantes
554 2424 634 2469 suos
669 2409 705 2468 et
742 2401 779 2466 in

245 2530 360 2575 escam
400 2509 516 2596 porcis
555 2515 590 2574 et
634 2508 779 2574 canibus

246 2615 417 2681 dederunt
445 2622 480 2680 et
508 2614 544 2679 in
574 2614 778 2681 fluminibus

347 2774 354 2789 .
381 2772 387 2787 .
414 2771 420 2787 .
445 2721 678 2809 proiecerunt.

404 3027 485 3093 pag.
511 3007 562 3072 77.
574 3016 616 3073 15.

244 3131 373 3195 Postea
385 3129 475 3196 vidit
490 3129 584 3198 viros
601 3153 641 3196 ac
657 3130 777 3196 mulie-

244 3257 299 3302 res
331 3257 436 3323 super
466 3236 601 3302 canolia
630 3237 775 3324 ampnis.

405 3453 487 3519 pag.
513 3431 620 3498 77.27.

246 3555 308 3622 Sta
336 3556 457 3642 longe,
490 3564 531 3621 ut
563 3556 674 3643 possis
705 3578 776 3623 sus-

244 3660 355 3728 tinere
393 3661 543 3728 fetorem
578 3662 682 3730 hunc.
729 3664 777 3728 Et

245 3776 366 3856 aperto
403 3789 461 3834 ore
496 3768 595 3856 putei
626 3768 777 3836 surrexit

464 3874 557 3940 fetor

244 3982 355 4048 malus
394 3988 430 4047 et
468 3981 574 4047 durus
608 4004 775 4070 superans

300 4109 419 4155 omncs
442 4110 551 4176 penas
575 4087 714 4156 inferni.

948 1381 951 1384 Ι
979 1421 1111 1488 Textus
1134 1421 1325 1488 Parisinus.

982 1547 1102 1614 James
1126 1570 1208 1635 pag.
1232 1549 1324 1614 33.7.

888 1672 961 1737 Et.
980 1723 987 1739 .
1012 1671 1085 1737 vidi
1108 1673 1227 1738 viros.
1246 1723 1254 1738 .
1278 1671 1425 1737 indutus

888 1777 1015 1865 pannis
1037 1778 1150 1866 picem
1166 1779 1280 1866 plenis
1303 1784 1338 1843 et
1354 1778 1424 1844 sul-

1032 1885 1145 1951 forem
1169 1885 1271 1972 ignis.

1050 2191 1131 2258 pag.
1156 2171 1263 2237 aaa.

887 2293 1048 2360 Infantes
1066 2346 1073 2360 .
1092 2346 1099 2361 .
1115 2295 1344 2383 interpellant
1361 2297 1421 2362 do·

887 2401 1053 2467 minum.
1079 2453 1086 2468 .
1113 2454 1120 2468 .
1145 2403 1319 2468 dicentes:
1345 2455 1352 2468 .
1379 2455 1386 2470 .
1413 2454 1420 2468 .

887 2507 1059 2573 dederunt
1070 2529 1134 2574 nos
1145 2509 1183 2572 in
1195 2531 1311 2574 escam
1324 2510 1418 2574 cani-

886 2611 951 2678 bus
982 2620 1017 2678 et
1047 2614 1085 2679 in
1117 2614 1417 2682 conculcationem

886 2720 1019 2807 porois;
1040 2721 1128 2787 alios
1143 2723 1367 2808 proiecerunt
1381 2722 1418 2787 in

1072 2827 1230 2894 flumine.

1053 3026 1134 3093 pag.
1159 3007 1249 3072 321.

886 3134 922 3194 et
965 3128 1040 3194 vidi
1086 3130 1173 3218 alios
1226 3133 1416 3220 pendentes

964 3258 1068 3323 super
1092 3238 1214 3304 cansla
1238 3261 1339 3325 aque.

1052 3458 1135 3522 pag.
1159 3437 1212 3502 34.
1224 3447 1251 3503 4.

884 3556 1008 3644 Longo
1038 3565 1102 3644 sta,
1131 3567 1172 3626 ut
1200 3562 1319 3628 valeas
1347 3584 1416 3628 sus-

885 3664 995 3729 tinere
1028 3665 1177 3732 fetorem
1206 3668 1277 3734 loci
1307 3668 1414 3735 istius.

885 3769 972 3835 Oum
1001 3793 1085 3859 ergo
1121 3779 1262 3860 apertus
1294 3775 1416 3842 fuisset

883 3883 1019 3964 puteus,
1048 3879 1168 3945 statim
1201 3881 1352 3947 surrexit
1375 3905 1415 3947 ex

884 4005 924 4048 eo
954 3983 1048 4050 fetor
1078 3985 1220 4073 quidam
1249 3988 1354 4055 durus
1383 3996 1415 4054 et

883 4089 1058 4176 malignus
1086 4092 1200 4178 valde,
1234 4094 1293 4182 qui
1317 4117 1414 4182 supe·

960 4207 1056 4262 rarat
1080 4220 1198 4265 omnes
1222 4223 1340 4288 penas.

353 4374 378 4440 1)
398 4369 435 4426 cf.
455 4369 635 4426 Brandes
654 4370 672 4424 1.
692 4370 711 4426 l.
730 4389 799 4444 pag.
818 4374 908 4439 assq.
