3148 5108
647 461 846 527 ...19-

145 665 221 724 tum
260 680 371 747 genus
410 657 609 746 respondet.
667 657 737 724 Sed
774 657 920 724 interest
962 679 1189 744 cognoscere,
1233 681 1316 745 quo·

145 766 248 832 modo
272 787 407 853 poenae
437 764 585 832 duorum
615 763 770 851 priorum
800 786 970 850 generum
999 764 1037 828 in
1069 764 1205 830 Graeco
1237 787 1318 831 oon-

144 879 279 939 tractae
302 871 374 938 sint
397 875 503 957 atque
519 870 581 937 uni
598 870 842 936 adscribantur
856 870 986 957 generi.
1022 871 1179 937 Primum
1195 894 1317 959 genus,

144 979 239 1065 quod
261 977 299 1042 in
315 978 475 1044 Parisino
499 978 573 1043 solo
598 983 902 1060 commemoratur,
926 999 1146 1065 paganorum
1170 985 1232 1062 est,
1257 978 1318 1065 qui

144 1085 355 1154 vestimenta
379 1083 459 1150 alba
484 1083 624 1171 quidem
647 1083 789 1167 habent,
814 1085 873 1149 sed
898 1083 992 1149 caeci
1017 1090 1108 1153 sunt.
1155 1084 1316 1151 Alterum

145 1215 265 1279 genus,
298 1192 391 1280 quod
415 1197 450 1256 et
473 1190 510 1256 in
534 1190 669 1256 Graeco
700 1189 889 1273 invenitur,
920 1190 1174 1278 parricidarum
1203 1191 1318 1257 infan-

144 1299 234 1366 tium
257 1305 320 1383 est,
345 1320 433 1386 quae
457 1297 493 1362 in
518 1296 676 1363 obeliscis
699 1296 811 1383 igneis
834 1296 970 1384 positae
995 1304 1135 1363 suntet
1159 1321 1179 1363 a
1198 1298 1318 1365 bestiis

146 1405 398 1493 discerpuntur.
435 1405 537 1488 Eum,
555 1404 616 1492 qui
631 1403 718 1469 haec
734 1408 960 1491 peccatorum
977 1426 1107 1490 genera
1124 1411 1159 1469 et
1174 1427 1316 1492 poenas,

145 1534 231 1600 quas
266 1512 468 1599 patiuntur,
505 1517 668 1576 accurate
702 1509 862 1597 respicit,
899 1532 970 1576 non
1005 1517 1122 1598 potest
1158 1510 1317 1598 effugere

144 1619 354 1686 vestimenta
378 1618 459 1684 alba
483 1623 518 1682 et
542 1616 749 1682 caecitatem
772 1616 882 1682 multo
907 1616 1029 1683 melius
1054 1619 1318 1685 accommodata

144 1749 218 1792 esse
242 1725 401 1814 paganis,
431 1723 490 1812 qui
514 1723 621 1811 stipes
645 1723 785 1811 quidem
808 1730 1040 1811 porrexerunt
1062 1724 1176 1789 Deum
1201 1731 1319 1790 autem

144 1855 215 1899 non
239 1838 493 1920 cognoverunt,
518 1853 623 1918 quam
639 1828 823 1919 parricidis
846 1829 1049 1897 infantium.
1086 1831 1153 1896 Sed
1169 1831 1319 1897 fortasse

144 1939 319 2029 quispiam
343 1938 472 2004 dixerit
496 1937 682 2004 lectionem
706 1935 788 2001 libri
812 1935 938 2001 Graeci
962 1937 1142 2002 meliorem
1172 1960 1245 2003 esse
1275 1961 1318 2002 ex

145 2046 352 2134 apocalypsi
376 2069 401 2112 s.
419 2044 517 2110 Petri
540 2066 652 2131 nuper
676 2043 821 2109 inventa
847 2064 920 2108 esse
938 2043 1227 2110 concludendum.
1263 2045 1319 2111 Ibi

145 2154 238 2218 enim
272 2159 437 2218 narratur
475 2150 594 2217 oculos
633 2148 924 2215 infanticidarum
963 2150 1142 2216 vulnerari
1179 2150 1318 2238 sagittis

144 2260 257 2348 igneis
282 2259 327 2325 ab
355 2258 551 2324 infantibus
582 2256 705 2323 missis.
752 2257 830 2322 Hoc
854 2279 954 2323 vero·
970 2264 1216 2344 argumentum
1247 2280 1319 2323 non

144 2368 294 2432 multum
324 2365 437 2449 valet;
472 2387 555 2430 nam
587 2365 734 2430 alteram
767 2385 905 2450 quoque
936 2386 1104 2450 poenam,
1136 2386 1205 2451 qua
1238 2363 1319 2430 illae

145 2474 336 2540 secundum
352 2471 550 2538 Parisinum
567 2470 772 2558 puniuntur,
797 2469 833 2534 in
852 2469 1058 2558 apocalypsi
1076 2493 1100 2537 s.
1118 2471 1217 2536 Petri
1234 2471 1316 2538 olim

144 2580 319 2646 exstitisse
343 2579 602 2645 demonstratur
625 2577 826 2663 fragmento
850 2577 954 2643 huius
978 2577 1201 2666 apocalypsis
1225 2580 1319 2666 apud

94 2729 96 2733 ,
146 2686 361 2752 Clementem
384 2685 664 2750 Alexandrinum
688 2691 827 2751 servato
852 2683 929 2770 (ecl.
954 2684 1007 2768 48,
1032 2684 1106 2770 49):
1130 2683 1169 2750 τὸ
1190 2684 1223 2750 δὲ
1237 2684 1320 2771 γάλα

145 2803 210 2859 τῶν
229 2803 386 2879 γυναικών
410 2794 481 2881 ῥέον
509 2783 578 2856 ἀπὸ
605 2800 670 2856 τῶν
698 2799 832 2873 μαστῶν
854 2791 910 2855 καὶ
941 2790 1148 2879 πηγνύμενον,
1181 2793 1280 2880 φησὶν
1302 2785 1320 2858 ὃ

146 2905 266 2988 Πέτρος
296 2898 328 2966 ἐν
357 2909 396 2986 τῇ
430 2890 653 2983 ἀποκαλύψει,
689 2895 832 2982 γεννήσει
866 2901 968 2985 θηρία
995 2897 1098 2964 λεπτὰ
1129 2897 1320 2986 σαρκοφάγα

145 3008 199 3072 καὶ
223 2999 435 3093 οῗνατρέχοντα
458 2996 628 3082 electioris
651 3008 832 3070 κατεσθίει.

252 3113 358 3179 Hisce
382 3111 559 3179 adnotatis
582 3117 800 3176 revertamur
823 3110 867 3174 ad
891 3109 1132 3197 apocalypsim
1157 3133 1182 3176 s.
1206 3111 1318 3176 Pauli.

145 3222 198 3287 De
221 3219 391 3310 proximis
415 3216 589 3306 capitibus
613 3239 685 3284 non
709 3217 820 3284 habeo
853 3217 945 3304 quod
976 3216 1107 3300 dicam,
1140 3217 1320 3284 Parisinus

145 3329 239 3394 enim
269 3334 304 3393 et
328 3327 483 3392 Graecus
513 3323 598 3390 satis
629 3324 722 3389 inter
752 3346 787 3389 se
818 3323 1054 3407 consentiunt,
1086 3346 1165 3389 cum
1197 3333 1319 3390 contra

147 3435 255 3523 Syrus
279 3433 384 3499 etiam
408 3431 465 3497 hic
490 3432 581 3497 male
603 3431 824 3518 respondeat.
872 3431 969 3495 Haec
992 3430 1215 3518 apocalypsis
1239 3454 1320 3518 pars

146 3540 341 3608 absolvitur
370 3561 471 3627 capp.
496 3536 622 3602 XLIII
644 3543 680 3602 et
702 3537 832 3621 XLIV,
866 3536 990 3624 quibus
1020 3537 1175 3603 refertur
1206 3538 1319 3603 Deum

145 3649 307 3737 precibus
330 3671 356 3716 s.
373 3644 477 3711 Pauli
500 3651 713 3711 commotum
738 3643 864 3709 animis
888 3643 926 3708 in
950 3643 1098 3709 infernis
1119 3644 1320 3710 viventibus

146 3756 237 3821 diem
262 3753 475 3821 dominicum
500 3751 544 3818 ad
567 3751 720 3838 quietem
743 3750 915 3817 tribuisse.
960 3749 1057 3828 Quae
1080 3772 1161 3838 pars
1187 3758 1320 3838 quanta

146 3864 254 3930 fuerit
277 3859 488 3928 auctoritate
513 3859 606 3946 apud
635 3857 793 3924 homines
823 3856 931 3922 medii
961 3857 1040 3923 aevi
1071 3866 1195 3944 postea
1226 3857 1320 3922 vide-

28 4009 30 4014 ·
146 3971 276 4054 bimus;
300 3991 394 4035 nunc
417 3988 501 4033 vero
523 3964 647 4031 ultima
671 3962 893 4052 apocalypsis
918 3963 1036 4051 capita
1060 3962 1319 4051 perlustramus,

146 4077 271 4167 quibus
287 4073 495 4142 describitur
510 4073 660 4137 Paulum
676 4070 714 4135 in
729 4070 931 4158 paradisum
952 4091 1026 4135 esse
1043 4069 1187 4135 ductum
1203 4068 1320 4157 ibique

147 4207 168 4251 a
190 4183 320 4252 sanctis
342 4181 545 4249 salutatum.

254 4291 350 4370 Quae
374 4310 475 4375 capp.
496 4283 783 4351 XLV—XLVII
811 4290 1011 4368 narrantur,
1035 4282 1072 4348 in
1100 4283 1261 4349 Parisino
1285 4289 1321 4348 et

25 4426 28 4431 ¹
147 4401 282 4466 Graeco
299 4395 384 4463 satis
400 4392 634 4478 consentiunt,
656 4390 724 4460 nisi
747 4391 841 4476 quod
862 4389 899 4455 in
915 4412 991 4478 cap.
1009 4389 1149 4457 XLVII
1165 4388 1320 4456 Graecus
