3148 5108
254 1440 307 1543 11.
347 1439 428 1543 De
453 1466 691 1544 sermone
721 1433 966 1541 versionis
998 1435 1251 1542 Parisinae
1287 1440 1427 1542 etde

521 1602 749 1732 tempore
788 1626 888 1731 quo
927 1601 1036 1699 orta
1074 1595 1151 1701 sit.

359 1878 553 1964 Postquam
577 1875 761 1941 historiam
785 1881 890 1960 atque
914 1874 1069 1941 diversas
1085 1876 1216 1943 formas
1234 1879 1426 1967 apocalyp-

252 1985 298 2051 sis
323 2007 348 2051 s,
373 1983 476 2050 Pauli
500 1982 698 2070 explanavi,
723 1982 789 2048 hae
814 1982 930 2047 altera·
942 1981 1195 2048 dissertationis
1212 1994 1313 2071 parte
1338 1985 1424 2051 mihi

251 2090 470 2179 propositum
495 2095 547 2155 est
570 2089 607 2153 in
631 2088 862 2154 Latinitatem
879 2087 1052 2174 inquirere
1070 2089 1143 2156 eius
1160 2096 1277 2156 textus
1293 2091 1423 2177 Latini,

253 2220 356 2283 quem
372 2195 571 2262 Parisinum
595 2195 808 2260 vocavimus.
855 2195 966 2273 Quam
991 2197 1035 2261 ad
1059 2218 1132 2261 rem
1149 2199 1423 2285 persequendam

252 2304 425 2392 imprimis
449 2309 615 2369 aeourata
639 2301 830 2368 lectionum
858 2301 986 2368 oodiois
1010 2303 1161 2369 Parisini
1184 2304 1313 2370 notitia
1338 2327 1423 2394 opus

252 2418 314 2494 est,
339 2432 444 2496 quam
469 2433 511 2475 ex
535 2408 639 2474 unioa
664 2408 778 2475 adhue
803 2408 965 2474 eonfeota
997 2409 1150 2475 editione
1174 2412 1322 2478 Jamesii
1353 2433 1423 2479 non

251 2539 351 2606 posse
375 2515 508 2582 hauriri
532 2514 664 2580 Birtius
689 2514 873 2601 coguovit;
905 2537 1011 2604 quare
1036 2517 1257 2584 doctissimus
1287 2517 1346 2584 ille
1369 2519 1423 2586 vir
1495 2503 1498 2507 ¹

252 2623 400 2708 curavit,
434 2629 474 2688 ut
508 2644 601 2688 nova
632 2621 735 2687 huius
765 2622 894 2688 oodiois
926 2623 1067 2690 collatio
1102 2623 1140 2688 in
1175 2645 1277 2690 usum
1306 2648 1422 2692 meum

253 2729 505 2814 conficeretur,
545 2751 650 2816 quam
688 2727 854 2816 Lebegue
891 2729 947 2795 vir
985 2729 1205 2796 doctissimus
1245 2731 1422 2798 Parisinus

252 2835 516 2925 diligentissime
540 2835 748 2924 composuit.
795 2835 864 2902 Sed
894 2836 938 2902 ab
963 2835 1065 2902 huius
1097 2837 1255 2924 opuseuli
1287 2838 1421 2905 ratione

252 2944 404 3010 alienum
428 2951 481 3010 est
504 2964 673 3030 magnum
697 2963 814 3008 earum
842 2942 1032 3009 leutionum
1055 2965 1239 3010 numerum
1255 2944 1421 3034 proferre,

251 3052 288 3116 in
310 3051 435 3139 quibus
451 3050 613 3138 pensavit
628 3052 652 3118 J
654 3049 820 3133 amesius;
845 3050 912 3116 hoo
929 3050 1022 3115 enim
1039 3071 1153 3116 novae
1170 3050 1333 3118 editionis
1357 3051 1423 3117 erit

252 3181 388 3225 munus.
436 3158 533 3237 Quae
558 3179 636 3222 oum
662 3156 775 3222 adhue
799 3178 871 3222 non
888 3162 1011 3241 exstet,
1035 3156 1073 3221 in
1089 3155 1142 3223 his
1167 3179 1256 3243 quae
1273 3179 1421 3244 sequun-

251 3271 309 3330 tur
343 3286 505 3330 numeros
542 3263 752 3351 paginarum
795 3269 899 3349 atque
929 3285 1093 3330 versuum
1123 3264 1270 3331 Jamesii
1301 3263 1421 3330 editio-

251 3371 305 3437 nis
338 3371 468 3436 afferre
499 3392 616 3456 eogor.
663 3369 733 3437 Ubi
762 3391 847 3456 ergo
879 3369 1084 3435 differentia
1118 3370 1298 3435 invenitur
1331 3370 1423 3436 inter

251 3478 370 3560 verba,
395 3500 484 3563 quae
509 3500 529 3543 a
559 3483 615 3542 me
646 3483 894 3564 proponuntur
925 3483 961 3542 et
992 3498 1082 3562 quae
1113 3476 1205 3564 apud
1229 3477 1419 3545 Jamesium

251 3586 434 3672 leguntur,
465 3589 602 3649 textum
633 3582 832 3650 Parisinum
864 3585 907 3649 ab
931 3584 956 3650 J
958 3582 1078 3649 amesii
1113 3583 1266 3650 editione
1298 3584 1420 3650 disere·

251 3714 335 3780 pare
360 3692 458 3758 seito.

357 3799 559 3885 Antequam
590 3803 708 3863 autem
738 3797 782 3863 ad
813 3795 1031 3884 propositum
1062 3797 1176 3886 ipsum
1207 3797 1420 3885 progredior,

251 3927 364 3994 pauea
388 3904 475 3970 mihi
496 3903 661 3970 videntur
684 3926 757 3971 esse
777 3903 925 3970 dioenda
949 3903 991 3969 de
1016 3903 1134 3969 oodioe
1150 3904 1310 3972 Parisino
1335 3905 1420 3971 eius-

251 4035 318 4101 que
349 4011 502 4078 librario.
550 4011 678 4095 Codex,
711 4012 771 4098 qui
800 4010 945 4077 Parisiis
976 4016 1136 4076 servatur
1146 4011 1182 4098 1),
1216 4035 1259 4076 ex
1289 4011 1421 4079 duabus

250 4119 408 4209 partibus
433 4125 571 4185 constat
595 4119 752 4185 diversae
777 4118 914 4201 aetatis,
940 4138 1087 4205 quarum
1110 4118 1207 4207 prior
1228 4118 1282 4201 (ff.
1301 4120 1419 4204 1-26)

253 4250 414 4258 ————
459 4249 463 4253 -

359 4296 385 4367 1)
403 4295 568 4352 Nouvelles
588 4295 788 4363 acquisitione
807 4294 933 4352 Latinos
954 4297 1031 4351 1631.
