3148 5108
760 431 956 495 ..12-

377 624 410 691 A
429 649 504 714 cap.
518 625 575 690 ΙΠ
592 625 814 714 apocalypsis
829 626 906 714 ipsa
922 625 1062 693 initium
1079 627 1194 695 sumit.
1218 626 1272 694 Ao
1289 629 1443 717 primum

271 733 411 822 quidem
446 730 621 817 homiues,
657 739 697 798 ut
728 733 771 798 ad
801 733 969 799 virtutem
1000 735 1165 819 redeant,
1197 736 1441 804 admonentur.

271 840 340 925 Sol,
363 841 458 925 luna,
483 841 614 924 stellae,
639 839 792 928 itemque
814 847 907 906 terra
931 848 967 906 et
982 862 1078 907 mare
1095 840 1242 908 iniurias
1258 841 1441 910 hominum

270 953 461 1034 conquesta
486 968 558 1012 6666
583 953 772 1013 narrantur
800 953 879 1013 616
904 947 978 1013 Deo
1002 947 1177 1035 petivisse,
1208 955 1248 1015 ut
1271 951 1441 1016 mundum

270 1053 378 1119 deleri
412 1053 557 1119 iuberet.
606 1053 738 1132 Quibus
773 1053 867 1120 Deus
901 1053 1090 1142 respondet
1125 1077 1160 1120 66
1195 1055 1368 1143 6611611116
1404 1056 1442 1122 in

269 1159 428 1226 homines
443 1183 587 1227 usurum
604 1182 677 1226 6666
694 1167 799 1246 atque
823 1167 1020 1227 mutaturos
1044 1183 1102 1227 eos
1126 1183 1199 1228 6666
1222 1184 1336 1230 mores
1360 1185 1441 1230 suos

270 1266 448 1333 confidere
473 1267 588 1354 (capp.
617 1267 680 1351 IV,
702 1267 743 1351 V,
765 1266 840 1352 VI).
887 1267 992 1333 Hisce
1018 1267 1054 1332 in
1078 1269 1180 1334 rebus
1205 1269 1441 1336 describendis

268 1379 386 1440 textus
410 1373 494 1440 satis
517 1373 610 1439 inter
633 1395 668 1438 se
695 1375 918 1461 respondent,
949 1374 1017 1439 nisi
1041 1376 1134 1461 quod
1165 1375 1202 1440 in
1225 1376 1299 1441 fine
1323 1377 1441 1444 unius-

270 1479 436 1567 cuiusque
461 1480 587 1568 capitis
610 1502 720 1569 parva
753 1486 869 1546 exstat
899 1480 1113 1547 differentia.
1160 1483 1247 1549 Cum
1279 1482 1371 1549 enim
1402 1483 1441 1549 in

271 1587 405 1654 Graeco
430 1587 518 1654 libro
541 1588 706 1674 legantur
733 1588 855 1653 verba:
888 1586 917 1654 εἰ
946 1587 980 1654 δὲ
1001 1587 1046 1676 μή
1076 1589 1134 1676 (sc.
1165 1590 1440 1678 μετανοήσουσιν),

270 1693 452 1760 ἐλεύσονται
476 1693 558 1782 πρός
580 1720 621 1778 με
644 1686 732 1780 adyti
758 1687 873 1773 αὐτοὺς
894 1702 1001 1782 κρινῶ,
1026 1694 1062 1759 111
1086 1695 1258 1781 Parisino,
1290 1719 1441 1784 quocum

271 1801 380 1888 Syrus
405 1801 589 1885 consentit,
614 1801 701 1868 haec
725 1808 882 1867 exstant:
917 1800 991 1887 ,sin
1013 1823 1097 1868 vero
1121 1823 1192 1867 non
1215 1810 1441 1870 revertuntur

270 1908 315 1974 ad
338 1930 403 1994 me,
429 1930 494 1995 ego
519 1931 577 1975 666
593 1908 789 1974 iudicabo“.
827 1908 1059 1973 Statuendum
1076 1931 1159 1993 ergo
1184 1915 1236 1974 est
1260 1917 1440 1976 auctorem

270 2014 397 2082 Graeci
420 2022 537 2081 textus
561 2016 743 2103 paululum
775 2014 970 2081 discessisse
1001 2015 1045 2080 ab
1078 2014 1280 2104 archetypo.
1328 2017 1441 2084 Maior

270 2128 387 2187 autem
426 2121 593 2188 librorum
632 2121 867 2210 discrepantia
902 2122 1053 2188 occurrit
1086 2122 1123 2187 in
1158 2146 1234 2211 cap.
1270 2123 1338 2208 VI,
1377 2123 1439 2189 ubi

270 2228 424 2295 Graecus
462 2236 579 2295 textus
618 2252 714 2295 mare
747 2229 865 2308 ,solum
904 2229 1062 2294 homines
1098 2237 1324 2316 conquestum
1366 2255 1439 2296 esse

270 2343 533 2420 commemorat,
557 2335 738 2400 Parisinus
762 2341 879 2401 autem
903 2341 974 2400 tres
997 2341 1115 2422 partes
1138 2335 1300 2423 praebet:
1325 2336 1438 2425 primo

269 2464 366 2507 mare
390 2442 513 2508 deinde
539 2465 648 2529 aquas
671 2449 848 2530 postremo
872 2449 1001 2507 terram
1025 2441 1061 2506 in
1085 2465 1225 2507 scenam
1248 2442 1336 2508 facit
1359 2466 1439 2531 pro·

271 2547 360 2632 dire3
394 2549 502 2636 Syrus
526 2549 612 2615 duas
636 2555 770 2636 partes:
806 2549 843 2612 in
867 2548 977 2613 altera
1002 2571 1097 2614 mare
1129 2548 1335 2614 6111611166
1359 2572 1438 2636 616-

269 2655 348 2740 fert,
373 2656 409 2720 in
434 2656 544 2722 altera
569 2663 708 2722 terram.
756 2655 808 2720 De
833 2655 984 2721 secunda
1014 2660 1132 2720 textus
1155 2655 1306 2720 Parisini
1337 2663 1438 2743 66116

268 2769 402 2828 certum
436 2761 604 2828 iudicium
639 2763 756 2828 facere
787 2784 857 2828 non
891 2782 1090 2848 possumus,
1127 2761 1220 2848 quod
1256 2763 1297 2827 de
1332 2762 1438 2829 tertia

267 2876 367 2957 66116
390 2868 489 2934 licet:
514 2892 596 2934 nam
621 2869 758 2935 etiamsi
781 2891 852 2934 non
869 2868 1108 2934 observaveris
1131 2875 1245 2934 terrae
1262 2870 1439 2956 querelam

268 2975 399 3063 optime
416 2977 586 3062 quadrare
609 2977 654 3041 ad
678 2975 930 3042 sententiarum
956 2981 1170 3059 contextum,
1195 2976 1266 3042 iam
1290 2999 1332 3042 ex
1356 2999 1438 3043 con-

268 3083 427 3150 sensione
452 3083 532 3171 Syri
564 3090 600 3148 et
622 3082 774 3148 Parisini
805 3082 890 3148 satis
914 3087 1062 3168 apparet
1085 3082 1153 3148 hoo
1177 3104 1220 3147 ex
1244 3083 1437 3171 archetypo

268 3188 424 3255 fluxisse.

374 3296 430 3360 Ex
454 3318 530 3383 cap.
555 3295 625 3360 VII
649 3316 762 3361 novae
786 3295 998 3362 narrationis
1021 3296 1162 3362 initium
1191 3296 1244 3361 fit.
1269 3295 1438 3362 Homines

268 3403 510 3486 admonentur,
535 3409 575 3467 ut
591 3423 727 3488 semper
743 3401 817 3467 Deo
834 3401 1055 3488 benedicant,
1080 3402 1251 3490 imprimis
1275 3401 1316 3468 iis
1333 3401 1437 3486 horis,

267 3508 392 3596 quibus
416 3507 534 3595 angeli
556 3507 739 3574 hominum
764 3530 870 3595 opera
895 3507 970 3574 Dec
994 3508 1194 3596 proferant3
1220 3515 1326 3594 atque
1351 3507 1438 3574 haec

268 3621 430 3682 accurate
455 3614 714 3681 describuntur:
751 3613 864 3701 6111116
887 3615 1059 3681 iustorum
1084 3616 1202 3703 angeli
1234 3616 1436 3701 adveniunt,

269 3722 393 3788 deinde
424 3721 686 3806 monachorum,
715 3729 891 3810 postremo
916 3729 1142 3810 peccatorum
1167 3729 1282 3810 (capp.
1306 3722 1377 3789 VII
1396 3762 1438 3770 -

269 3830 351 3915 IX).
398 3829 494 3908 Quae
517 3829 674 3895 narratio
698 3828 734 3893 in
758 3850 798 3894 ec
827 3836 966 3894 tantum
991 3830 1109 3896 codice
1137 3829 1282 3917 Syriaco
1306 3830 1438 3895 deside·

267 3943 374 4021 ratur,
399 3936 461 4022 qui
476 3935 673 4022 Zingerleio
690 3935 873 4024 interpreti
894 3943 1034 4024 praesto
1057 3942 1142 4002 6161.
1178 3934 1330 4023 Anglica
1355 3959 1438 4022 quc-

267 4065 333 4132 que
370 4043 481 4109 versic
514 4041 595 4129 Syri
628 4050 746 4108 textus
781 4065 852 4108 non
885 4045 987 4131 616116
1017 4043 1205 4130 respondet
1236 4042 1372 4110 Graeco
1403 4050 1439 4109 et

266 4149 444 4232 Parisin0;
480 4151 540 4215 sed
572 4171 615 4214 ne
646 4149 683 4213 hi
713 4149 852 4236 quidem
884 4149 965 4215 libri
996 4149 1230 4233 consentiunt,
1260 4149 1439 4217 Parisinus

266 4256 360 4322 enim
383 4255 484 4343 plura
508 4255 651 4321 exhibet
682 4278 788 4343 quam
821 4256 995 4341 Graecus,
1028 4278 1117 4343 quae
1148 4255 1240 4323 libro
1270 4257 1437 4345 primario

266 4361 452 4428 tribuenda
477 4383 550 4427 esse
574 4362 688 4430 versio
712 4360 865 4450 Anglica
890 4363 972 4451 Syri
994 4369 1112 4429 textus
1135 4364 1273 4451 probat.
1320 4363 1438 4452 Atque
