3148 5108
707 413 904 478 -ss..

218 610 437 698 Augustinus
460 609 552 674 hanc
577 608 817 696 apocalypsim
840 608 935 676 hisce
951 614 1202 674 commemorat
1218 608 1388 696 verbis¹):
1460 615 1463 622 '

221 719 460 804 „Quamquam
485 721 520 781 et
542 715 635 781 inter
657 714 751 803 ipsos
779 714 955 802 spiritales
978 722 1060 780 sunt
1083 715 1204 802 utique
1229 715 1305 782 aliis
1330 717 1390 782 alii

218 823 420 912 capaciores
445 828 550 909 atque
575 821 745 906 meliores,
777 821 827 886 ita
858 826 899 886 ut
929 821 1071 908 quidam
1102 821 1242 888 illorum
1274 823 1318 888 ad
1348 845 1390 888 ea

218 928 418 1018 pervenerit
445 951 534 1015 quae
566 950 638 993 non
668 928 752 993 licet
782 927 917 993 homini
947 926 1052 1014 loqui.
1100 928 1176 1007 Qua
1207 929 1390 995 occasione

218 1036 302 1103 vani
326 1035 469 1121 quidam
500 1033 741 1121 apocalypsim
766 1033 878 1118 Pauli,
911 1056 1016 1121 quam
1047 1056 1130 1100 sane
1160 1057 1232 1100 non
1263 1035 1390 1124 recipit

219 1141 382 1224 ecclesia,
418 1141 535 1206 nescio
566 1140 691 1228 quibus
722 1140 853 1206 fabulis
883 1142 1024 1228 plenam
1056 1140 1261 1207 stultissima
1292 1164 1390 1230 prae-

219 1249 392 1316 sumtione
409 1248 590 1314 finxerunt
612 1246 767 1313 dicentes
783 1246 875 1312 hanc
899 1269 972 1312 esse
988 1248 1080 1312 unde
1097 1247 1234 1313 dixerat
1249 1254 1390 1336 raptum

219 1381 254 1424 se
285 1357 392 1423 fuisse
422 1356 459 1420 in
494 1355 637 1421 tertium
672 1354 807 1420 caelum
842 1360 878 1420 et
912 1353 984 1419 illic
1020 1353 1156 1420 audisse
1191 1353 1390 1420 ineffabilia

218 1464 337 1547 verba,
368 1484 458 1549 quae
488 1482 559 1527 non
591 1461 673 1526 licet
704 1459 838 1526 homini
867 1460 974 1546 loqui.
1021 1461 1221 1548 Utcumque
1251 1460 1391 1527 illorum

219 1568 411 1635 tolerabilis
435 1574 526 1633 esset
550 1566 709 1651 audacia,
734 1567 762 1632 si
787 1589 823 1632 se
847 1566 984 1632 audisse
1002 1567 1147 1634 dixisset
1164 1590 1252 1654 quae
1277 1567 1390 1633 adhuc

219 1674 397 1741 nonlicet
421 1673 554 1740 homini
576 1673 683 1759 loqui.
731 1673 817 1740 Cum
841 1696 925 1739 vero
950 1673 1078 1738 dixerit
1102 1696 1191 1760 quae
1214 1695 1286 1739 non
1309 1673 1392 1740 licet

218 1781 353 1848 homiui
376 1779 482 1868 loqui,
514 1779 574 1845 isti
602 1779 662 1865 qui
686 1785 768 1845 sunt
791 1779 851 1866 qui
874 1778 961 1843 haec
986 1780 1139 1844 audeant
1172 1778 1392 1866 Impudenter

219 1895 254 1953 et
278 1885 466 1952 infeliciter
489 1885 629 1972 loqui?“
666 1885 854 1950 Praeterea
872 1891 989 1950 autem
1007 1883 1229 1972 Epiphanius
1245 1884 1354 1950 tradit
1365 1889 1391 1968 2)

219 1994 312 2081 apud
349 1992 508 2076 Oaiauos,
545 1991 604 2079 qui
640 1992 682 2058 ad
717 1990 964 2058 Gnosticorum
999 1991 1177 2080 pertinent
1208 1991 1390 2076 haeresim,

220 2100 348 2166 librum
372 2099 479 2165 fuisse
502 2098 539 2163 in
564 2120 638 2182 usu,
668 2098 725 2163 oui
749 2104 839 2164 esset
863 2098 986 2164 titulus
1010 2091 1224 2183 Ἀναβατικὸν
1247 2098 1390 2182 Hector,

219 2207 311 2273 idem
336 2205 421 2271 dicit
445 2205 549 2272 Mich.
575 2205 756 2292 Glycas.³)'
801 2204 934 2284 Quibus
965 2226 1008 2270 ex
1032 2205 1240 2271 testimoniis
1272 2228 1391 2272 omnes

218 2316 292 2379 iere
316 2311 384 2381 viri
408 2312 513 2396 docti,
546 2311 606 2397 qui
630 2312 672 2376 de
696 2311 763 2376 hac
786 2332 824 2376 re
848 2312 954 2377 verba
978 2311 1149 2395 fecerunt,
1181 2311 1268 2377 duos
1299 2311 1391 2378 inter

218 2443 254 2487 se
271 2419 476 2486 differentes
492 2419 600 2484 libros
617 2418 700 2484 olim
717 2417 889 2484 exstitisse
907 2418 1134 2505 collegerunt.
1174 2419 1255 2484 Non
1271 2424 1391 2484 tamen

219 2532 336 2615 potest
360 2524 558 2612 disceptari,
583 2546 672 2610 quae
688 2523 796 2590 fuerit
819 2523 910 2590 ratio
932 2523 1025 2589 inter
1040 2530 1228 2610 utrumque
1252 2523 1389 2591 librum.

218 2633 364 2698 Praeter
397 2652 457 2698 eos
492 2653 579 2718 quos
612 2652 716 2718 supra
753 2630 858 2696 attuli
888 2637 1048 2697 auctores
1083 2629 1186 2696 multi
1217 2631 1277 2696 alii
1307 2652 1390 2719 apo-

220 2739 391 2828 calypsim
415 2761 441 2805 s.
465 2737 569 2804 Pauli
593 2744 869 2803 commemorant
892 2737 990 2803 velut
1006 2737 1165 2804 Gelasius
1189 2737 1226 2802 in
1250 2739 1389 2804 decreto

219 2848 261 2912 de
295 2845 395 2912 libris
430 2843 643 2933 apocryphis
677 2850 827 2912 servato,
874 2843 1009 2910 Deinde
1038 2844 1324 2933 Theophylactus
1354 2851 1390 2909 et

220 2952 451 3019 Oecumenius
485 2951 522 3016 H
562 2950 747 3039 epistulam
781 2950 885 3016 Pauli
929 2951 974 3016 ad
1009 2951 1209 3018 Corinthios
1247 2951 1389 3018 missam

217 3059 488 3147 interpretantes
524 3057 697 3124 adnotant
729 3078 773 3121 ex
807 3056 924 3122 verbis
958 3050 1078 3146 ἄρρητα
1114 3056 1241 3147 ῥήματα
1276 3057 1296 3122 ἃ
1335 3051 1390 3124 οὐκ

218 3163 286 3245 ἐξὸν
309 3157 479 3252 ἅνθρώπῳ
507 3164 643 3252 λαλῆσαι
674 3162 766 3228 hanc
797 3163 1038 3251 apocalypsim
1068 3163 1285 3251 suppositam
1316 3186 1389 3230 esse

217 3270 502 3338 manifestissime
536 3269 708 3337 concludi.
756 3270 977 3355 Quamquam
1011 3291 1094 3337 vero
1130 3270 1316 3359 scriptores
1347 3310 1389 3321 -

217 3384 258 3445 ut
291 3378 395 3444 modo
429 3377 581 3444 vidimus
611 3415 643 3424 -
673 3375 771 3442 ¹hunc
803 3374 932 3442 librum
968 3376 1233 3464 improbabant,
1269 3383 1389 3443 tamen

217 3485 360 3551 efficere
395 3506 467 3550 non
501 3489 684 3572 poterant,
720 3490 761 3549 ut
794 3484 837 3548 ab
872 3504 938 3549 usu
973 3490 1221 3551 removeretur.
1272 3484 1389 3572 Atque

216 3590 388 3679 imprimis
420 3590 599 3656 lectitatus
635 3612 707 3656 esse
739 3590 879 3656 videtur
908 3589 947 3655 in
977 3590 1020 3656 iis
1050 3589 1269 3678 regionibus,
1299 3614 1388 3678 quae

219 3698 262 3764 ad
287 3697 456 3764 orientem
481 3696 589 3762 solem
605 3704 768 3783 vergunt,
793 3695 829 3784 id
845 3697 939 3783 quod
962 3698 1077 3762 elucet
1093 3719 1135 3762 ex
1151 3696 1246 3764 hisce
1263 3698 1388 3783 verbis,

218 3827 308 3892 quae
334 3803 476 3869 ineunte
500 3804 639 3870 saeculo
662 3803 757 3869 XIII
792 3804 931 3869 Marcus
957 3802 1158 3890 patriarcha
1181 3803 1388 3870 Alexandri·

215 3934 281 3977 nus
295 3911 338 3977 ad
352 3909 573 3976 Theodorum
586 3909 834 3977 Balsamonem
851 3911 893 3974 de
909 3909 976 3976 hac
993 3910 1198 3998 apocalypsi
1211 3910 1387 3995 direxitq:

325 4035 351 4102 1)
370 4033 406 4089 In
425 4032 495 4089 Joh.
514 4049 621 4106 evang.
640 4039 728 4089 tract.
748 4037 791 4089 98.

323 4123 351 4192 2)
370 4121 634 4195 Epiphanius,
653 4122 733 4178 haer.
754 4124 795 4178 38.

322 4212 350 4281 3)
370 4211 477 4266 Annal.
496 4228 565 4283 pars
586 4210 625 4282 II,
645 4230 713 4285 pag.
734 4213 793 4268 120.

303 4304 356 4429 9ss
370 4300 409 4356 of.
436 4301 665 4373 Fabricius,
694 4301 788 4358 codex
817 4319 915 4375 apocr.
942 4301 1024 4358 Novi
1051 4302 1240 4359 Testamenti
1266 4307 1338 4360 tom.
1364 4302 1387 4375 I,

216 4391 284 4447 pag.
358 4413 364 4428 .
