<?xml version="1.0" encoding="UTF-8"?>
<!DOCTYPE html PUBLIC "-//W3C//DTD XHTML 1.0 Transitional//EN"
    "http://www.w3.org/TR/xhtml1/DTD/xhtml1-transitional.dtd">
<html xmlns="http://www.w3.org/1999/xhtml" xml:lang="en" lang="en">
 <head>
  <title>
</title>
<meta http-equiv="Content-Type" content="text/html;charset=utf-8" />
  <meta name='ocr-system' content='tesseract 3.04.00' />
  <meta name='ocr-capabilities' content='ocr_page ocr_carea ocr_par ocr_line ocrx_word'/>
</head>
<body>
  <div class='ocr_page' id='page_1' title='image "./deapocalypsissp00wiebgoog_0056.png"; bbox 0 0 3148 5108; ppageno 0'>
   <div class='ocr_carea' id='block_1_1' title="bbox 739 443 937 510">
    <p class='ocr_par' dir='ltr' id='par_1_1' title="bbox 739 443 937 510">
     <span class='ocr_line' id='line_1_1' title="bbox 739 443 937 510; baseline 0 -16"><span class='ocrx_word' id='word_1_1' title='bbox 739 443 937 510; x_wconf 64' lang='lat' dir='ltr'><strong>„ffl-</strong></span> 
     </span>
    </p>
   </div>
   <div class='ocr_carea' id='block_1_2' title="bbox 413 635 1265 710">
    <p class='ocr_par' dir='ltr' id='par_1_2' title="bbox 413 635 1265 710">
     <span class='ocr_line' id='line_1_2' title="bbox 413 635 1265 710; baseline 0.006 -6"><span class='ocrx_word' id='word_1_2' title='bbox 413 639 444 704; x_wconf 81' lang='lat'><strong>5.</strong></span> <span class='ocrx_word' id='word_1_3' title='bbox 469 637 528 703; x_wconf 90' lang='lat' dir='ltr'><strong>De</strong></span> <span class='ocrx_word' id='word_1_4' title='bbox 553 635 895 705; x_wconf 88' lang='lat' dir='ltr'><strong>consonantium</strong></span> <span class='ocrx_word' id='word_1_5' title='bbox 919 638 1265 710; x_wconf 85' lang='lat' dir='ltr'><strong>assimilatione.</strong></span> 
     </span>
    </p>
   </div>
   <div class='ocr_carea' id='block_1_3' title="bbox 252 760 1434 1807">
    <p class='ocr_par' dir='ltr' id='par_1_3' title="bbox 253 760 1434 1064">
     <span class='ocr_line' id='line_1_3' title="bbox 360 760 1431 850; baseline 0.005 -23"><span class='ocrx_word' id='word_1_6' title='bbox 360 762 404 827; x_wconf 92' lang='lat' dir='ltr'><strong>In</strong></span> <span class='ocrx_word' id='word_1_7' title='bbox 426 761 542 829; x_wconf 90' lang='lat' dir='ltr'><strong>verbis</strong></span> <span class='ocrx_word' id='word_1_8' title='bbox 566 760 768 850; x_wconf 86' lang='lat' dir='ltr'><strong>compositis</strong></span> <span class='ocrx_word' id='word_1_9' title='bbox 791 762 1062 829; x_wconf 87' lang='lat' dir='ltr'><strong>consonantium</strong></span> <span class='ocrx_word' id='word_1_10' title='bbox 1093 763 1299 832; x_wconf 77' lang='lat' dir='ltr'><strong>assimilatio</strong></span> <span class='ocrx_word' id='word_1_11' title='bbox 1329 766 1431 832; x_wconf 91' lang='lat' dir='ltr'><strong>haud</strong></span> 
     </span>
     <span class='ocr_line' id='line_1_4' title="bbox 254 867 1434 961; baseline 0.003 -26"><span class='ocrx_word' id='word_1_12' title='bbox 254 889 334 935; x_wconf 88' lang='lat' dir='ltr'><strong>raro</strong></span> <span class='ocrx_word' id='word_1_13' title='bbox 357 868 520 956; x_wconf 89' lang='lat' dir='ltr'><strong>neglecte</strong></span> <span class='ocrx_word' id='word_1_14' title='bbox 543 875 606 954; x_wconf 90' lang='lat' dir='ltr'><strong>est,</strong></span> <span class='ocrx_word' id='word_1_15' title='bbox 635 867 739 956; x_wconf 88' lang='lat' dir='ltr'><strong>idque</strong></span> <span class='ocrx_word' id='word_1_16' title='bbox 763 867 935 956; x_wconf 82' lang='lat' dir='ltr'><strong>imprimis</strong></span> <span class='ocrx_word' id='word_1_17' title='bbox 958 868 995 934; x_wconf 92' lang='lat' dir='ltr'><strong>in</strong></span> <span class='ocrx_word' id='word_1_18' title='bbox 1018 869 1133 937; x_wconf 82' lang='lat' dir='ltr'><strong>verbis</strong></span> <span class='ocrx_word' id='word_1_19' title='bbox 1157 891 1234 940; x_wconf 88' lang='lat' dir='ltr'><strong>eum</strong></span> <span class='ocrx_word' id='word_1_20' title='bbox 1263 878 1299 941; x_wconf 80' lang='lat' dir='ltr'><strong>in</strong></span> <span class='ocrx_word' id='word_1_21' title='bbox 1327 895 1434 961; x_wconf 91' lang='lat' dir='ltr'><strong>prae·</strong></span> 
     </span>
     <span class='ocr_line' id='line_1_5' title="bbox 253 973 1080 1064; baseline 0.002 -24"><span class='ocrx_word' id='word_1_22' title='bbox 253 974 428 1064; x_wconf 78' lang='lat' dir='ltr'><strong>positione</strong></span> <span class='ocrx_word' id='word_1_23' title='bbox 451 974 655 1062; x_wconf 88' lang='lat' dir='ltr'><strong>compositis</strong></span> <span class='ocrx_word' id='word_1_24' title='bbox 678 973 776 1041; x_wconf 87' lang='lat' dir='ltr'><strong>velut</strong></span> <span class='ocrx_word' id='word_1_25' title='bbox 798 980 950 1044; x_wconf 63' lang='lat' dir='ltr'><strong>inmittere</strong></span> <span class='ocrx_word' id='word_1_26' title='bbox 972 976 1080 1042; x_wconf 72' lang='grc'><strong>2636.</strong></span> 
     </span>
    </p>

    <p class='ocr_par' dir='ltr' id='par_1_4' title="bbox 252 1080 1431 1695">
     <span class='ocr_line' id='line_1_6' title="bbox 360 1080 1431 1169; baseline 0.005 -22"><span class='ocrx_word' id='word_1_27' title='bbox 360 1082 548 1147; x_wconf 86' lang='lat' dir='ltr'><strong>Praeterea</strong></span> <span class='ocrx_word' id='word_1_28' title='bbox 572 1080 668 1148; x_wconf 91' lang='lat' dir='ltr'><strong>aliud</strong></span> <span class='ocrx_word' id='word_1_29' title='bbox 692 1080 953 1148; x_wconf 78' lang='lat' dir='ltr'><strong>assimilationis</strong></span> <span class='ocrx_word' id='word_1_30' title='bbox 976 1103 1088 1169; x_wconf 92' lang='lat' dir='ltr'><strong>genus</strong></span> <span class='ocrx_word' id='word_1_31' title='bbox 1111 1081 1168 1150; x_wconf 86' lang='lat' dir='ltr'><strong>hic</strong></span> <span class='ocrx_word' id='word_1_32' title='bbox 1192 1090 1246 1150; x_wconf 79' lang='lat' dir='ltr'><strong>eat</strong></span> <span class='ocrx_word' id='word_1_33' title='bbox 1276 1106 1431 1151; x_wconf 89' lang='lat' dir='ltr'><strong>comme-</strong></span> 
     </span>
     <span class='ocr_line' id='line_1_7' title="bbox 253 1186 1430 1276; baseline 0.003 -21"><span class='ocrx_word' id='word_1_34' title='bbox 253 1188 471 1255; x_wconf 90' lang='lat' dir='ltr'><strong>morandum.</strong></span> <span class='ocrx_word' id='word_1_35' title='bbox 510 1188 588 1254; x_wconf 93' lang='lat' dir='ltr'><strong>Duo</strong></span> <span class='ocrx_word' id='word_1_36' title='bbox 613 1187 706 1253; x_wconf 91' lang='lat' dir='ltr'><strong>enim</strong></span> <span class='ocrx_word' id='word_1_37' title='bbox 723 1193 864 1253; x_wconf 88' lang='lat' dir='ltr'><strong>exstant</strong></span> <span class='ocrx_word' id='word_1_38' title='bbox 879 1186 1050 1276; x_wconf 88' lang='lat' dir='ltr'><strong>exempla,</strong></span> <span class='ocrx_word' id='word_1_39' title='bbox 1076 1211 1164 1275; x_wconf 92' lang='lat' dir='ltr'><strong>quae</strong></span> <span class='ocrx_word' id='word_1_40' title='bbox 1182 1189 1430 1258; x_wconf 90' lang='lat' dir='ltr'><strong>demonstrant</strong></span> 
     </span>
     <span class='ocr_line' id='line_1_8' title="bbox 253 1293 1430 1383; baseline 0 -20"><span class='ocrx_word' id='word_1_41' title='bbox 253 1298 276 1363; x_wconf 84' lang='lat' dir='ltr'><strong>d</strong></span> <span class='ocrx_word' id='word_1_42' title='bbox 297 1294 453 1362; x_wconf 87' lang='lat' dir='ltr'><strong>litteram</strong></span> <span class='ocrx_word' id='word_1_43' title='bbox 475 1293 745 1383; x_wconf 82' lang='lat' dir='ltr'><strong>praepositionis</strong></span> <span class='ocrx_word' id='word_1_44' title='bbox 761 1295 805 1360; x_wconf 84' lang='lat' dir='ltr'><strong>od</strong></span> <span class='ocrx_word' id='word_1_45' title='bbox 820 1293 1050 1360; x_wconf 85' lang='lat' dir='ltr'><strong>assimilatam</strong></span> <span class='ocrx_word' id='word_1_46' title='bbox 1074 1316 1147 1360; x_wconf 90' lang='lat' dir='ltr'><strong>esse</strong></span> <span class='ocrx_word' id='word_1_47' title='bbox 1172 1295 1306 1383; x_wconf 88' lang='lat' dir='ltr'><strong>primae</strong></span> <span class='ocrx_word' id='word_1_48' title='bbox 1322 1319 1430 1364; x_wconf 89' lang='lat' dir='ltr'><strong>voca·</strong></span> 
     </span>
     <span class='ocr_line' id='line_1_9' title="bbox 252 1400 1430 1488; baseline 0.001 -20"><span class='ocrx_word' id='word_1_49' title='bbox 252 1401 327 1469; x_wconf 89' lang='lat' dir='ltr'><strong>buli</strong></span> <span class='ocrx_word' id='word_1_50' title='bbox 342 1400 518 1488; x_wconf 89' lang='lat' dir='ltr'><strong>sequentis</strong></span> <span class='ocrx_word' id='word_1_51' title='bbox 533 1401 688 1466; x_wconf 92' lang='lat' dir='ltr'><strong>litterae:</strong></span> <span class='ocrx_word' id='word_1_52' title='bbox 705 1404 813 1468; x_wconf 72' lang='lat' dir='ltr'><strong>auam</strong></span> <span class='ocrx_word' id='word_1_53' title='bbox 824 1401 877 1465; x_wconf 92' lang='grc'><strong>22.</strong></span> <span class='ocrx_word' id='word_1_54' title='bbox 888 1410 939 1484; x_wconf 83' lang='lat'><strong>30;</strong></span> <span class='ocrx_word' id='word_1_55' title='bbox 957 1411 1141 1488; x_wconf 62' lang='lat' dir='ltr'><strong>apportata</strong></span> <span class='ocrx_word' id='word_1_56' title='bbox 1155 1401 1206 1467; x_wconf 83' lang='lat'><strong>18.</strong></span> <span class='ocrx_word' id='word_1_57' title='bbox 1217 1412 1261 1468; x_wconf 74' lang='lat' dir='ltr'><strong>aa.</strong></span> <span class='ocrx_word' id='word_1_58' title='bbox 1294 1402 1430 1468; x_wconf 82' lang='lat' dir='ltr'><strong>Eadem</strong></span> 
     </span>
     <span class='ocr_line' id='line_1_10' title="bbox 253 1505 1429 1594; baseline 0 -19"><span class='ocrx_word' id='word_1_59' title='bbox 253 1506 427 1575; x_wconf 91' lang='lat' dir='ltr'><strong>scribendi</strong></span> <span class='ocrx_word' id='word_1_60' title='bbox 450 1506 540 1572; x_wconf 89' lang='lat' dir='ltr'><strong>ratio</strong></span> <span class='ocrx_word' id='word_1_61' title='bbox 566 1505 618 1572; x_wconf 89' lang='lat' dir='ltr'><strong>bis</strong></span> <span class='ocrx_word' id='word_1_62' title='bbox 642 1505 802 1572; x_wconf 90' lang='lat' dir='ltr'><strong>adhibita</strong></span> <span class='ocrx_word' id='word_1_63' title='bbox 817 1512 881 1591; x_wconf 89' lang='lat' dir='ltr'><strong>est,</strong></span> <span class='ocrx_word' id='word_1_64' title='bbox 904 1505 966 1572; x_wconf 93' lang='lat' dir='ltr'><strong>ubi</strong></span> <span class='ocrx_word' id='word_1_65' title='bbox 982 1530 1003 1572; x_wconf 87' lang='lat' dir='ltr'><strong>a</strong></span> <span class='ocrx_word' id='word_1_66' title='bbox 1019 1506 1234 1594; x_wconf 87' lang='lat' dir='ltr'><strong>praepositio</strong></span> <span class='ocrx_word' id='word_1_67' title='bbox 1251 1507 1429 1575; x_wconf 88' lang='lat' dir='ltr'><strong>vocabulo</strong></span> 
     </span>
     <span class='ocr_line' id='line_1_11' title="bbox 253 1613 1128 1695; baseline -0.006 -16"><span class='ocrx_word' id='word_1_68' title='bbox 253 1614 420 1680; x_wconf 89' lang='lat' dir='ltr'><strong>adiuncta</strong></span> <span class='ocrx_word' id='word_1_69' title='bbox 443 1619 510 1678; x_wconf 90' lang='lat' dir='ltr'><strong>est:</strong></span> <span class='ocrx_word' id='word_1_70' title='bbox 534 1616 662 1681; x_wconf 69' lang='lat' dir='ltr'><strong>allatura</strong></span> <span class='ocrx_word' id='word_1_71' title='bbox 685 1613 800 1695; x_wconf 81' lang='lat' dir='ltr'><strong>30.na;</strong></span> <span class='ocrx_word' id='word_1_72' title='bbox 825 1613 1128 1695; x_wconf 65' lang='lat' dir='ltr'><strong>medecanam)</strong></span> 
     </span>
    </p>

    <p class='ocr_par' dir='ltr' id='par_1_5' title="bbox 358 1718 1251 1807">
     <span class='ocr_line' id='line_1_12' title="bbox 358 1718 1251 1807; baseline 0.001 -22"><span class='ocrx_word' id='word_1_73' title='bbox 358 1718 519 1807; x_wconf 90' lang='lat' dir='ltr'><strong>Denique</strong></span> <span class='ocrx_word' id='word_1_74' title='bbox 542 1723 663 1788; x_wconf 71' lang='lat' dir='ltr'><strong>lineare</strong></span> <span class='ocrx_word' id='word_1_75' title='bbox 685 1739 748 1806; x_wconf 92' lang='lat' dir='ltr'><strong>pro</strong></span> <span class='ocrx_word' id='word_1_76' title='bbox 773 1722 892 1807; x_wconf 72' lang='lat' dir='ltr'><strong>liparus</strong></span> <span class='ocrx_word' id='word_1_77' title='bbox 914 1724 1030 1785; x_wconf 86' lang='lat' dir='ltr'><strong>exstat</strong></span> <span class='ocrx_word' id='word_1_78' title='bbox 1053 1741 1134 1807; x_wconf 86' lang='lat' dir='ltr'><strong>pag.</strong></span> <span class='ocrx_word' id='word_1_79' title='bbox 1159 1720 1212 1788; x_wconf 86' lang='lat'><strong>40.</strong></span> <span class='ocrx_word' id='word_1_80' title='bbox 1224 1731 1251 1786; x_wconf 77' lang='lat' dir='ltr'><strong>a.</strong></span> 
     </span>
    </p>
   </div>
   <div class='ocr_carea' id='block_1_4' title="bbox 451 1894 1227 1964">
    <p class='ocr_par' dir='ltr' id='par_1_6' title="bbox 451 1894 1227 1964">
     <span class='ocr_line' id='line_1_13' title="bbox 451 1894 1227 1964; baseline 0.001 -1"><span class='ocrx_word' id='word_1_81' title='bbox 451 1897 482 1963; x_wconf 89' lang='grc'><strong>6.</strong></span> <span class='ocrx_word' id='word_1_82' title='bbox 514 1896 573 1961; x_wconf 92' lang='lat' dir='ltr'><strong>De</strong></span> <span class='ocrx_word' id='word_1_83' title='bbox 596 1894 831 1962; x_wconf 87' lang='lat' dir='ltr'><strong>nonnullis</strong></span> <span class='ocrx_word' id='word_1_84' title='bbox 854 1895 1227 1964; x_wconf 81' lang='lat' dir='ltr'><strong>consonantibus.</strong></span> 
     </span>
    </p>
   </div>
   <div class='ocr_carea' id='block_1_5' title="bbox 216 2020 1431 4131">
    <p class='ocr_par' dir='ltr' id='par_1_7' title="bbox 216 2020 1431 3062">
     <span class='ocr_line' id='line_1_14' title="bbox 359 2020 1430 2111; baseline 0 -23"><span class='ocrx_word' id='word_1_85' title='bbox 359 2025 393 2106; x_wconf 90' lang='lat' dir='ltr'><strong>a)</strong></span> <span class='ocrx_word' id='word_1_86' title='bbox 418 2021 626 2110; x_wconf 84' lang='lat' dir='ltr'><strong>Saepissime</strong></span> <span class='ocrx_word' id='word_1_87' title='bbox 655 2020 692 2086; x_wconf 91' lang='lat' dir='ltr'><strong>in</strong></span> <span class='ocrx_word' id='word_1_88' title='bbox 722 2025 833 2105; x_wconf 87' lang='lat' dir='ltr'><strong>textu,</strong></span> <span class='ocrx_word' id='word_1_89' title='bbox 858 2041 962 2106; x_wconf 91' lang='lat' dir='ltr'><strong>quem</strong></span> <span class='ocrx_word' id='word_1_90' title='bbox 993 2026 1196 2106; x_wconf 77' lang='lat' dir='ltr'><strong>tractamus,</strong></span> <span class='ocrx_word' id='word_1_91' title='bbox 1227 2022 1246 2086; x_wconf 95' lang='lat' dir='ltr'>I</span> <span class='ocrx_word' id='word_1_92' title='bbox 1275 2043 1365 2111; x_wconf 91' lang='lat' dir='ltr'><strong>pers.</strong></span> <span class='ocrx_word' id='word_1_93' title='bbox 1391 2028 1430 2088; x_wconf 91' lang='lat' dir='ltr'><strong>et</strong></span> 
     </span>
     <span class='ocr_line' id='line_1_15' title="bbox 252 2126 1431 2217; baseline 0.002 -22"><span class='ocrx_word' id='word_1_94' title='bbox 252 2129 309 2195; x_wconf 93' lang='grc' dir='ltr'><strong>ΠΙ</strong></span> <span class='ocrx_word' id='word_1_95' title='bbox 336 2150 425 2217; x_wconf 92' lang='lat' dir='ltr'><strong>pers.</strong></span> <span class='ocrx_word' id='word_1_96' title='bbox 456 2128 545 2214; x_wconf 89' lang='lat' dir='ltr'><strong>sing.</strong></span> <span class='ocrx_word' id='word_1_97' title='bbox 571 2127 660 2215; x_wconf 81' lang='lat' dir='ltr'><strong>perf.</strong></span> <span class='ocrx_word' id='word_1_98' title='bbox 686 2133 753 2194; x_wconf 88' lang='lat' dir='ltr'><strong>aot.</strong></span> <span class='ocrx_word' id='word_1_99' title='bbox 786 2126 1068 2193; x_wconf 87' lang='lat' dir='ltr'><strong>confunduntur:</strong></span> <span class='ocrx_word' id='word_1_100' title='bbox 1097 2126 1196 2192; x_wconf 84' lang='lat' dir='ltr'><strong>velut</strong></span> <span class='ocrx_word' id='word_1_101' title='bbox 1229 2151 1281 2215; x_wconf 70' lang='lat' dir='ltr'><strong>epo</strong></span> <span class='ocrx_word' id='word_1_102' title='bbox 1310 2135 1431 2216; x_wconf 67' lang='lat' dir='ltr'><strong>aspar</strong></span> 
     </span>
     <span class='ocr_line' id='line_1_16' title="bbox 253 2231 1429 2322; baseline -0.001 -20"><span class='ocrx_word' id='word_1_103' title='bbox 253 2238 306 2303; x_wconf 85' lang='lat'><strong>35.</strong></span> <span class='ocrx_word' id='word_1_104' title='bbox 314 2244 359 2321; x_wconf 83' lang='lat'><strong>28,</strong></span> <span class='ocrx_word' id='word_1_105' title='bbox 382 2239 455 2303; x_wconf 72' lang='lat' dir='ltr'><strong>maai</strong></span> <span class='ocrx_word' id='word_1_106' title='bbox 475 2256 539 2322; x_wconf 92' lang='lat' dir='ltr'><strong>pro</strong></span> <span class='ocrx_word' id='word_1_107' title='bbox 563 2238 646 2302; x_wconf 68' lang='lat' dir='ltr'><strong>miset</strong></span> <span class='ocrx_word' id='word_1_108' title='bbox 670 2235 774 2300; x_wconf 85' lang='lat'><strong>11.22.</strong></span> <span class='ocrx_word' id='word_1_109' title='bbox 815 2233 927 2312; x_wconf 79' lang='lat' dir='ltr'><strong>Quam</strong></span> <span class='ocrx_word' id='word_1_110' title='bbox 943 2231 1117 2298; x_wconf 90' lang='lat' dir='ltr'><strong>scribendi</strong></span> <span class='ocrx_word' id='word_1_111' title='bbox 1133 2233 1306 2300; x_wconf 91' lang='lat' dir='ltr'><strong>rationem</strong></span> <span class='ocrx_word' id='word_1_112' title='bbox 1322 2234 1429 2301; x_wconf 90' lang='lat' dir='ltr'><strong>libra-</strong></span> 
     </span>
     <span class='ocr_line' id='line_1_17' title="bbox 216 2338 1428 2428; baseline -0.002 -19"><span class='ocrx_word' id='word_1_113' title='bbox 216 2387 217 2392; x_wconf 53' lang='lat'><strong>.</strong></span> <span class='ocrx_word' id='word_1_114' title='bbox 252 2344 344 2409; x_wconf 86' lang='lat' dir='ltr'><strong>rium</strong></span> <span class='ocrx_word' id='word_1_115' title='bbox 377 2364 448 2409; x_wconf 92' lang='lat' dir='ltr'><strong>non</strong></span> <span class='ocrx_word' id='word_1_116' title='bbox 479 2363 522 2406; x_wconf 86' lang='lat' dir='ltr'><strong>ex</strong></span> <span class='ocrx_word' id='word_1_117' title='bbox 554 2339 747 2428; x_wconf 87' lang='lat' dir='ltr'><strong>archetypo</strong></span> <span class='ocrx_word' id='word_1_118' title='bbox 780 2338 936 2405; x_wconf 88' lang='lat' dir='ltr'><strong>hausisse</strong></span> <span class='ocrx_word' id='word_1_119' title='bbox 966 2338 1048 2403; x_wconf 91' lang='lat' dir='ltr'><strong>inde</strong></span> <span class='ocrx_word' id='word_1_120' title='bbox 1072 2340 1302 2427; x_wconf 86' lang='lat' dir='ltr'><strong>concluditur,</strong></span> <span class='ocrx_word' id='word_1_121' title='bbox 1333 2341 1428 2426; x_wconf 90' lang='lat' dir='ltr'><strong>quod</strong></span> 
     </span>
     <span class='ocr_line' id='line_1_18' title="bbox 253 2445 1430 2537; baseline -0.003 -21"><span class='ocrx_word' id='word_1_122' title='bbox 253 2473 287 2516; x_wconf 90' lang='lat' dir='ltr'><strong>m</strong></span> <span class='ocrx_word' id='word_1_123' title='bbox 314 2451 331 2515; x_wconf 93' lang='lat'>1</span> <span class='ocrx_word' id='word_1_124' title='bbox 357 2448 433 2537; x_wconf 88' lang='lat' dir='ltr'><strong>ipsa</strong></span> <span class='ocrx_word' id='word_1_125' title='bbox 456 2447 541 2514; x_wconf 89' lang='lat' dir='ltr'><strong>satis</strong></span> <span class='ocrx_word' id='word_1_126' title='bbox 564 2468 668 2534; x_wconf 90' lang='lat' dir='ltr'><strong>saepe</strong></span> <span class='ocrx_word' id='word_1_127' title='bbox 691 2446 779 2511; x_wconf 90' lang='lat' dir='ltr'><strong>haee</strong></span> <span class='ocrx_word' id='word_1_128' title='bbox 802 2445 928 2511; x_wconf 92' lang='lat' dir='ltr'><strong>menda</strong></span> <span class='ocrx_word' id='word_1_129' title='bbox 949 2445 1110 2512; x_wconf 86' lang='lat' dir='ltr'><strong>correxit.</strong></span> <span class='ocrx_word' id='word_1_130' title='bbox 1157 2446 1255 2512; x_wconf 91' lang='lat' dir='ltr'><strong>Haec</strong></span> <span class='ocrx_word' id='word_1_131' title='bbox 1271 2446 1358 2513; x_wconf 89' lang='lat' dir='ltr'><strong>vitia</strong></span> <span class='ocrx_word' id='word_1_132' title='bbox 1382 2448 1430 2513; x_wconf 92' lang='lat' dir='ltr'><strong>ad</strong></span> 
     </span>
     <span class='ocr_line' id='line_1_19' title="bbox 251 2551 1429 2643; baseline -0.003 -20"><span class='ocrx_word' id='word_1_133' title='bbox 251 2553 513 2643; x_wconf 85' lang='lat' dir='ltr'><strong>neglegentiam</strong></span> <span class='ocrx_word' id='word_1_134' title='bbox 543 2551 652 2640; x_wconf 90' lang='lat' dir='ltr'><strong>ipsius</strong></span> <span class='ocrx_word' id='word_1_135' title='bbox 682 2551 817 2618; x_wconf 89' lang='lat' dir='ltr'><strong>librarii</strong></span> <span class='ocrx_word' id='word_1_136' title='bbox 845 2552 1010 2617; x_wconf 82' lang='lat' dir='ltr'><strong>reducere</strong></span> <span class='ocrx_word' id='word_1_137' title='bbox 1040 2551 1223 2617; x_wconf 86' lang='lat' dir='ltr'><strong>maluerim</strong></span> <span class='ocrx_word' id='word_1_138' title='bbox 1251 2574 1357 2639; x_wconf 91' lang='lat' dir='ltr'><strong>quarn</strong></span> <span class='ocrx_word' id='word_1_139' title='bbox 1382 2556 1429 2620; x_wconf 88' lang='lat' dir='ltr'><strong>ad</strong></span> 
     </span>
     <span class='ocr_line' id='line_1_20' title="bbox 252 2655 1428 2744; baseline -0.003 -16"><span class='ocrx_word' id='word_1_140' title='bbox 252 2683 353 2728; x_wconf 91' lang='lat' dir='ltr'><strong>usum</strong></span> <span class='ocrx_word' id='word_1_141' title='bbox 376 2659 514 2727; x_wconf 88' lang='lat' dir='ltr'><strong>serioris</strong></span> <span class='ocrx_word' id='word_1_142' title='bbox 544 2657 688 2740; x_wconf 88' lang='lat' dir='ltr'><strong>aetatis;</strong></span> <span class='ocrx_word' id='word_1_143' title='bbox 721 2679 829 2744; x_wconf 90' lang='lat' dir='ltr'><strong>quare</strong></span> <span class='ocrx_word' id='word_1_144' title='bbox 860 2655 999 2741; x_wconf 78' lang='lat' dir='ltr'><strong>singula</strong></span> <span class='ocrx_word' id='word_1_145' title='bbox 1031 2658 1191 2744; x_wconf 88' lang='lat' dir='ltr'><strong>exempla</strong></span> <span class='ocrx_word' id='word_1_146' title='bbox 1221 2680 1428 2726; x_wconf 90' lang='lat' dir='ltr'><strong>enumerare</strong></span> 
     </span>
     <span class='ocr_line' id='line_1_21' title="bbox 252 2762 1426 2850; baseline -0.004 -15"><span class='ocrx_word' id='word_1_147' title='bbox 252 2767 387 2835; x_wconf 92' lang='lat' dir='ltr'><strong>omitto.</strong></span> <span class='ocrx_word' id='word_1_148' title='bbox 433 2766 584 2831; x_wconf 87' lang='lat' dir='ltr'><strong>Restant</strong></span> <span class='ocrx_word' id='word_1_149' title='bbox 607 2762 796 2831; x_wconf 89' lang='lat' dir='ltr'><strong>nonnullae</strong></span> <span class='ocrx_word' id='word_1_150' title='bbox 813 2762 902 2828; x_wconf 91' lang='lat' dir='ltr'><strong>aliae</strong></span> <span class='ocrx_word' id='word_1_151' title='bbox 925 2762 1059 2828; x_wconf 88' lang='lat' dir='ltr'><strong>formae</strong></span> <span class='ocrx_word' id='word_1_152' title='bbox 1083 2763 1252 2849; x_wconf 88' lang='lat' dir='ltr'><strong>verbales,</strong></span> <span class='ocrx_word' id='word_1_153' title='bbox 1276 2786 1426 2850; x_wconf 87' lang='lat' dir='ltr'><strong>quarum</strong></span> 
     </span>
     <span class='ocr_line' id='line_1_22' title="bbox 250 2870 1428 2957; baseline -0.003 -15"><span class='ocrx_word' id='word_1_154' title='bbox 250 2873 403 2943; x_wconf 86' lang='lat' dir='ltr'><strong>tfinalis</strong></span> <span class='ocrx_word' id='word_1_155' title='bbox 426 2872 659 2938; x_wconf 89' lang='lat' dir='ltr'><strong>desideratur:</strong></span> <span class='ocrx_word' id='word_1_156' title='bbox 681 2872 792 2957; x_wconf 70' lang='lat' dir='ltr'><strong>farra</strong></span> <span class='ocrx_word' id='word_1_157' title='bbox 817 2871 928 2951; x_wconf 83' lang='grc'><strong>16.14;</strong></span> <span class='ocrx_word' id='word_1_158' title='bbox 961 2870 1079 2954; x_wconf 76' lang='lat' dir='ltr'><strong>eaira¹)</strong></span> <span class='ocrx_word' id='word_1_159' title='bbox 1105 2870 1219 2954; x_wconf 85' lang='grc'><strong>16.21;</strong></span> <span class='ocrx_word' id='word_1_160' title='bbox 1251 2873 1428 2939; x_wconf 74' lang='lat' dir='ltr'><strong>torculetur</strong></span> 
     </span>
     <span class='ocr_line' id='line_1_23' title="bbox 252 2975 1036 3062; baseline -0.013 -12"><span class='ocrx_word' id='word_1_161' title='bbox 252 2975 1036 3062; x_wconf 55' lang='lat' dir='ltr'><strong>ammammmffimffiwma</strong></span> 
     </span>
    </p>

    <p class='ocr_par' dir='ltr' id='par_1_8' title="bbox 248 3081 1424 3899">
     <span class='ocr_line' id='line_1_24' title="bbox 358 3081 1424 3174; baseline -0.003 -21"><span class='ocrx_word' id='word_1_162' title='bbox 358 3086 396 3174; x_wconf 84' lang='lat' dir='ltr'><strong>b)</strong></span> <span class='ocrx_word' id='word_1_163' title='bbox 420 3083 633 3171; x_wconf 86' lang='lat' dir='ltr'><strong>Progredior</strong></span> <span class='ocrx_word' id='word_1_164' title='bbox 663 3083 706 3148; x_wconf 91' lang='lat' dir='ltr'><strong>ad</strong></span> <span class='ocrx_word' id='word_1_165' title='bbox 737 3107 760 3150; x_wconf 80' lang='lat' dir='ltr'><strong>a</strong></span> <span class='ocrx_word' id='word_1_166' title='bbox 783 3081 948 3165; x_wconf 87' lang='lat' dir='ltr'><strong>litteram,</strong></span> <span class='ocrx_word' id='word_1_167' title='bbox 981 3104 1070 3168; x_wconf 88' lang='lat' dir='ltr'><strong>quae</strong></span> <span class='ocrx_word' id='word_1_168' title='bbox 1105 3089 1187 3148; x_wconf 90' lang='lat' dir='ltr'><strong>ante</strong></span> <span class='ocrx_word' id='word_1_169' title='bbox 1209 3107 1225 3152; x_wconf 81' lang='lat' dir='ltr'><strong>r</strong></span> <span class='ocrx_word' id='word_1_170' title='bbox 1246 3083 1424 3150; x_wconf 91' lang='lat' dir='ltr'><strong>interdum</strong></span> 
     </span>
     <span class='ocr_line' id='line_1_25' title="bbox 250 3187 1424 3279; baseline -0.003 -20"><span class='ocrx_word' id='word_1_171' title='bbox 250 3194 341 3259; x_wconf 87' lang='lat' dir='ltr'><strong>falso</strong></span> <span class='ocrx_word' id='word_1_172' title='bbox 372 3192 529 3279; x_wconf 87' lang='lat' dir='ltr'><strong>irrepsit:</strong></span> <span class='ocrx_word' id='word_1_173' title='bbox 560 3213 673 3259; x_wconf 77' lang='lat' dir='ltr'><strong>occasu</strong></span> <span class='ocrx_word' id='word_1_174' title='bbox 703 3193 758 3274; x_wconf 93' lang='lat'><strong>(=</strong></span> <span class='ocrx_word' id='word_1_175' title='bbox 783 3190 901 3273; x_wconf 66' lang='lat' dir='ltr'><strong>mosa)</strong></span> <span class='ocrx_word' id='word_1_176' title='bbox 931 3187 984 3253; x_wconf 87' lang='grc'><strong>28.</strong></span> <span class='ocrx_word' id='word_1_177' title='bbox 995 3196 1039 3255; x_wconf 85' lang='lat'><strong>20.</strong></span> <span class='ocrx_word' id='word_1_178' title='bbox 1085 3189 1220 3254; x_wconf 85' lang='lat' dir='ltr'><strong>Eadem</strong></span> <span class='ocrx_word' id='word_1_179' title='bbox 1250 3189 1424 3256; x_wconf 88' lang='lat' dir='ltr'><strong>scribendi</strong></span> 
     </span>
     <span class='ocr_line' id='line_1_26' title="bbox 250 3293 1423 3384; baseline -0.004 -18"><span class='ocrx_word' id='word_1_180' title='bbox 250 3298 352 3384; x_wconf 90' lang='lat' dir='ltr'><strong>ratio,</strong></span> <span class='ocrx_word' id='word_1_181' title='bbox 381 3299 411 3365; x_wconf 92' lang='lat' dir='ltr'><strong>si</strong></span> <span class='ocrx_word' id='word_1_182' title='bbox 433 3298 471 3362; x_wconf 93' lang='lat' dir='ltr'><strong>in</strong></span> <span class='ocrx_word' id='word_1_183' title='bbox 494 3296 617 3362; x_wconf 89' lang='lat' dir='ltr'><strong>formis</strong></span> <span class='ocrx_word' id='word_1_184' title='bbox 641 3294 852 3378; x_wconf 88' lang='lat' dir='ltr'><strong>verbalibus,</strong></span> <span class='ocrx_word' id='word_1_185' title='bbox 883 3293 1033 3381; x_wconf 89' lang='lat' dir='ltr'><strong>quaein</strong></span> <span class='ocrx_word' id='word_1_186' title='bbox 1056 3318 1087 3362; x_wconf 85' lang='lat' dir='ltr'><strong>es</strong></span> <span class='ocrx_word' id='word_1_187' title='bbox 1109 3302 1249 3378; x_wconf 86' lang='lat' dir='ltr'><strong>exeunt,</strong></span> <span class='ocrx_word' id='word_1_188' title='bbox 1281 3295 1423 3362; x_wconf 90' lang='lat' dir='ltr'><strong>adhibe·</strong></span> 
     </span>
     <span class='ocr_line' id='line_1_27' title="bbox 251 3399 1420 3490; baseline -0.003 -18"><span class='ocrx_word' id='word_1_189' title='bbox 251 3413 319 3490; x_wconf 89' lang='lat' dir='ltr'><strong>tur,</strong></span> <span class='ocrx_word' id='word_1_190' title='bbox 351 3404 468 3470; x_wconf 79' lang='lat' dir='ltr'><strong>efficit</strong></span> <span class='ocrx_word' id='word_1_191' title='bbox 492 3409 531 3468; x_wconf 91' lang='lat' dir='ltr'><strong>ut</strong></span> <span class='ocrx_word' id='word_1_192' title='bbox 553 3422 737 3490; x_wconf 89' lang='lat' dir='ltr'><strong>perperam</strong></span> <span class='ocrx_word' id='word_1_193' title='bbox 763 3399 1030 3488; x_wconf 87' lang='lat' dir='ltr'><strong>participiorum</strong></span> <span class='ocrx_word' id='word_1_194' title='bbox 1061 3399 1196 3467; x_wconf 90' lang='lat' dir='ltr'><strong>formae</strong></span> <span class='ocrx_word' id='word_1_195' title='bbox 1220 3410 1420 3470; x_wconf 90' lang='lat' dir='ltr'><strong>nascantur.</strong></span> 
     </span>
     <span class='ocr_line' id='line_1_28' title="bbox 249 3506 1421 3599; baseline -0.001 -22"><span class='ocrx_word' id='word_1_196' title='bbox 249 3511 423 3599; x_wconf 86' lang='lat' dir='ltr'><strong>Exempla</strong></span> <span class='ocrx_word' id='word_1_197' title='bbox 447 3509 633 3598; x_wconf 89' lang='lat' dir='ltr'><strong>perspicua</strong></span> <span class='ocrx_word' id='word_1_198' title='bbox 650 3513 732 3573; x_wconf 90' lang='lat' dir='ltr'><strong>sunt</strong></span> <span class='ocrx_word' id='word_1_199' title='bbox 748 3506 851 3572; x_wconf 88' lang='lat' dir='ltr'><strong>haec:</strong></span> <span class='ocrx_word' id='word_1_200' title='bbox 876 3508 976 3586; x_wconf 80' lang='lat' dir='ltr'><strong>Paule</strong></span> <span class='ocrx_word' id='word_1_201' title='bbox 988 3508 1108 3594; x_wconf 80' lang='lat' dir='ltr'><strong>frater,</strong></span> <span class='ocrx_word' id='word_1_202' title='bbox 1132 3530 1281 3596; x_wconf 70' lang='lat' dir='ltr'><strong>mappam</strong></span> <span class='ocrx_word' id='word_1_203' title='bbox 1297 3512 1421 3576; x_wconf 68' lang='lat' dir='ltr'><strong>aaran</strong></span> 
     </span>
     <span class='ocr_line' id='line_1_29' title="bbox 248 3613 1421 3704; baseline 0.001 -20"><span class='ocrx_word' id='word_1_204' title='bbox 248 3620 362 3686; x_wconf 77' lang='lat' dir='ltr'><strong>botrus</strong></span> <span class='ocrx_word' id='word_1_205' title='bbox 391 3627 468 3704; x_wconf 82' lang='lat' dir='ltr'><strong>aput</strong></span> <span class='ocrx_word' id='word_1_206' title='bbox 497 3617 656 3685; x_wconf 80' lang='lat' dir='ltr'><strong>dominum</strong></span> <span class='ocrx_word' id='word_1_207' title='bbox 684 3624 711 3682; x_wconf 79' lang='lat' dir='ltr'><strong>et</strong></span> <span class='ocrx_word' id='word_1_208' title='bbox 737 3615 873 3682; x_wconf 59' lang='lat' dir='ltr'><strong>hmines</strong></span> <span class='ocrx_word' id='word_1_209' title='bbox 894 3613 948 3679; x_wconf 86' lang='lat'><strong>40.</strong></span> <span class='ocrx_word' id='word_1_210' title='bbox 959 3623 1010 3695; x_wconf 80' lang='lat'><strong>343</strong></span> <span class='ocrx_word' id='word_1_211' title='bbox 1048 3616 1118 3682; x_wconf 79' lang='lat' dir='ltr'><strong>Noa</strong></span> <span class='ocrx_word' id='word_1_212' title='bbox 1147 3625 1190 3684; x_wconf 81' lang='lat' dir='ltr'><strong>est</strong></span> <span class='ocrx_word' id='word_1_213' title='bbox 1212 3639 1421 3703; x_wconf 71' lang='lat' dir='ltr'><strong>pascuarum</strong></span> 
     </span>
     <span class='ocr_line' id='line_1_30' title="bbox 248 3722 1420 3812; baseline -0.003 -19"><span class='ocrx_word' id='word_1_214' title='bbox 248 3729 378 3812; x_wconf 80' lang='lat' dir='ltr'><strong>acceptio</strong></span> <span class='ocrx_word' id='word_1_215' title='bbox 400 3724 489 3811; x_wconf 69' lang='lat' dir='ltr'><strong>aprad</strong></span> <span class='ocrx_word' id='word_1_216' title='bbox 510 3733 537 3790; x_wconf 83' lang='lat' dir='ltr'><strong>a</strong></span> <span class='ocrx_word' id='word_1_217' title='bbox 564 3723 618 3791; x_wconf 83' lang='lat' dir='ltr'><strong>red</strong></span> <span class='ocrx_word' id='word_1_218' title='bbox 639 3722 808 3788; x_wconf 68' lang='lat' dir='ltr'><strong>retribuens</strong></span> <span class='ocrx_word' id='word_1_219' title='bbox 837 3724 1000 3808; x_wconf 74' lang='lat' dir='ltr'><strong>unicuique</strong></span> <span class='ocrx_word' id='word_1_220' title='bbox 1028 3722 1193 3788; x_wconf 79' lang='lat' dir='ltr'><strong>secundum</strong></span> <span class='ocrx_word' id='word_1_221' title='bbox 1222 3732 1310 3790; x_wconf 82' lang='lat' dir='ltr'><strong>tuum</strong></span> <span class='ocrx_word' id='word_1_222' title='bbox 1339 3726 1420 3790; x_wconf 78' lang='lat' dir='ltr'><strong>iadi-</strong></span> 
     </span>
     <span class='ocr_line' id='line_1_31' title="bbox 248 3830 458 3899; baseline -0.019 0"><span class='ocrx_word' id='word_1_223' title='bbox 248 3837 328 3899; x_wconf 80' lang='lat' dir='ltr'><strong>a&#39;um</strong></span> <span class='ocrx_word' id='word_1_224' title='bbox 354 3830 458 3896; x_wconf 59' lang='grc'><strong>1725.</strong></span> 
     </span>
    </p>

    <p class='ocr_par' dir='ltr' id='par_1_9' title="bbox 248 3930 1418 4131">
     <span class='ocr_line' id='line_1_32' title="bbox 355 3930 1418 4023; baseline -0.001 -20"><span class='ocrx_word' id='word_1_225' title='bbox 355 3936 388 4023; x_wconf 90' lang='lat' dir='ltr'><strong>o)</strong></span> <span class='ocrx_word' id='word_1_226' title='bbox 412 3934 571 4021; x_wconf 92' lang='lat' dir='ltr'><strong>Denique</strong></span> <span class='ocrx_word' id='word_1_227' title='bbox 604 3935 646 3999; x_wconf 92' lang='lat' dir='ltr'><strong>de</strong></span> <span class='ocrx_word' id='word_1_228' title='bbox 676 3957 708 4000; x_wconf 86' lang='lat' dir='ltr'><strong>m</strong></span> <span class='ocrx_word' id='word_1_229' title='bbox 738 3930 842 3997; x_wconf 81' lang='lat' dir='ltr'><strong>finali</strong></span> <span class='ocrx_word' id='word_1_230' title='bbox 871 3933 979 3998; x_wconf 90' lang='lat' dir='ltr'><strong>verba</strong></span> <span class='ocrx_word' id='word_1_231' title='bbox 1011 3939 1093 3998; x_wconf 93' lang='lat' dir='ltr'><strong>sunt</strong></span> <span class='ocrx_word' id='word_1_232' title='bbox 1122 3933 1295 4003; x_wconf 87' lang='lat' dir='ltr'><strong>facienda.</strong></span> <span class='ocrx_word' id='word_1_233' title='bbox 1341 3935 1418 4003; x_wconf 91' lang='lat' dir='ltr'><strong>Iam</strong></span> 
     </span>
     <span class='ocr_line' id='line_1_33' title="bbox 248 4038 1418 4131; baseline -0.003 -20"><span class='ocrx_word' id='word_1_234' title='bbox 248 4068 290 4111; x_wconf 86' lang='lat' dir='ltr'><strong>ex</strong></span> <span class='ocrx_word' id='word_1_235' title='bbox 321 4041 563 4131; x_wconf 88' lang='lat' dir='ltr'><strong>grammaticis</strong></span> <span class='ocrx_word' id='word_1_236' title='bbox 596 4039 749 4127; x_wconf 90' lang='lat' dir='ltr'><strong>antiquis</strong></span> <span class='ocrx_word' id='word_1_237' title='bbox 779 4038 943 4105; x_wconf 90' lang='lat' dir='ltr'><strong>discimus</strong></span> <span class='ocrx_word' id='word_1_238' title='bbox 966 4062 997 4106; x_wconf 90' lang='lat' dir='ltr'><strong>m</strong></span> <span class='ocrx_word' id='word_1_239' title='bbox 1027 4038 1175 4105; x_wconf 83' lang='lat' dir='ltr'><strong>finalem</strong></span> <span class='ocrx_word' id='word_1_240' title='bbox 1204 4063 1330 4129; x_wconf 89' lang='lat' dir='ltr'><strong>parum</strong></span> <span class='ocrx_word' id='word_1_241' title='bbox 1360 4065 1418 4108; x_wconf 88' lang='lat' dir='ltr'><strong>ex-</strong></span> 
     </span>
    </p>
   </div>
   <div class='ocr_carea' id='block_1_6' title="bbox 350 4178 1417 4345">
    <p class='ocr_par' dir='ltr' id='par_1_10' title="bbox 350 4178 1417 4345">
     <span class='ocr_line' id='line_1_34' title="bbox 353 4178 1417 4256; baseline 0 -16"><span class='ocrx_word' id='word_1_242' title='bbox 353 4189 380 4256; x_wconf 84' lang='lat'><strong>1)</strong></span> <span class='ocrx_word' id='word_1_243' title='bbox 398 4184 437 4240; x_wconf 86' lang='lat' dir='ltr'><strong>cf.</strong></span> <span class='ocrx_word' id='word_1_244' title='bbox 452 4181 591 4250; x_wconf 71' lang='lat' dir='ltr'><strong>Tardis,</strong></span> <span class='ocrx_word' id='word_1_245' title='bbox 602 4181 795 4237; x_wconf 89' lang='lat' dir='ltr'><strong>Monuments</strong></span> <span class='ocrx_word' id='word_1_246' title='bbox 809 4179 1003 4247; x_wconf 87' lang='lat' dir='ltr'><strong>historiques,</strong></span> <span class='ocrx_word' id='word_1_247' title='bbox 1017 4178 1105 4235; x_wconf 91' lang='lat' dir='ltr'><strong>Paris</strong></span> <span class='ocrx_word' id='word_1_248' title='bbox 1125 4181 1202 4251; x_wconf 87' lang='grc'><strong>1866,</strong></span> <span class='ocrx_word' id='word_1_249' title='bbox 1213 4184 1278 4237; x_wconf 83' lang='lat' dir='ltr'><strong>50.e</strong></span> <span class='ocrx_word' id='word_1_250' title='bbox 1294 4184 1333 4239; x_wconf 80' lang='lat' dir='ltr'><strong>cd</strong></span> <span class='ocrx_word' id='word_1_251' title='bbox 1345 4184 1417 4240; x_wconf 71' lang='lat' dir='ltr'><strong>diae.</strong></span> 
     </span>
     <span class='ocr_line' id='line_1_35' title="bbox 350 4269 1416 4345; baseline 0.001 -16"><span class='ocrx_word' id='word_1_252' title='bbox 350 4275 378 4345; x_wconf 87' lang='lat'><strong>2)</strong></span> <span class='ocrx_word' id='word_1_253' title='bbox 397 4273 570 4328; x_wconf 79' lang='lat' dir='ltr'><strong>Portasset</strong></span> <span class='ocrx_word' id='word_1_254' title='bbox 595 4271 709 4327; x_wconf 85' lang='lat' dir='ltr'><strong>omissa</strong></span> <span class='ocrx_word' id='word_1_255' title='bbox 734 4275 795 4339; x_wconf 91' lang='lat' dir='ltr'><strong>est,</strong></span> <span class='ocrx_word' id='word_1_256' title='bbox 823 4269 895 4337; x_wconf 88' lang='lat' dir='ltr'><strong>quia</strong></span> <span class='ocrx_word' id='word_1_257' title='bbox 920 4284 1050 4340; x_wconf 88' lang='lat' dir='ltr'><strong>sequens</strong></span> <span class='ocrx_word' id='word_1_258' title='bbox 1074 4269 1257 4326; x_wconf 89' lang='lat' dir='ltr'><strong>vocabulum</strong></span> <span class='ocrx_word' id='word_1_259' title='bbox 1276 4273 1296 4327; x_wconf 80' lang='lat' dir='ltr'><strong>d</strong></span> <span class='ocrx_word' id='word_1_260' title='bbox 1312 4273 1416 4330; x_wconf 86' lang='lat' dir='ltr'><strong>littera</strong></span> 
     </span>
    </p>
   </div>
   <div class='ocr_carea' id='block_1_7' title="bbox 245 4363 412 4421">
    <p class='ocr_par' dir='ltr' id='par_1_11' title="bbox 245 4363 412 4421">
     <span class='ocr_line' id='line_1_36' title="bbox 245 4363 412 4421; baseline -0.018 -1"><span class='ocrx_word' id='word_1_261' title='bbox 245 4363 412 4421; x_wconf 91' lang='lat' dir='ltr'><strong>inchoatur.</strong></span> 
     </span>
    </p>
   </div>
   <div class='ocr_carea' id='block_1_8' title="bbox 0 0 1578 5108">
    <p class='ocr_par' dir='ltr' id='par_1_12' title="bbox 0 0 1578 5108">
     <span class='ocr_line' id='line_1_37' title="bbox 0 0 1578 5108; baseline 0 2"><span class='ocrx_word' id='word_1_262' title='bbox 0 0 1578 5108; x_wconf 95' lang='lat' dir='ltr'><strong> </strong></span> 
     </span>
    </p>
   </div>
  </div>
 </body>
</html>
