3148 5108
728 436 926 500 -22-

245 641 368 700 auctor
390 633 493 700 huius
516 633 687 700 versionis
703 632 877 698 Graecum
894 632 1041 697 verterit
1058 630 1242 720 archetypi
1266 637 1414 698 textum.

243 742 361 828 Atque
392 740 458 806 hac
488 738 525 804 in
557 739 759 827 quaestione
790 738 1013 804 diiudicanda
1044 760 1174 824 magno
1206 738 1308 804 nobis
1338 738 1416 804 usui

243 855 296 913 est
320 848 474 914 Graecus
498 853 625 932 textus,
658 846 727 933 qui,
758 867 970 933 quamquam
993 845 1030 909 in
1062 843 1200 910 brevius
1230 867 1310 912 eum
1341 867 1414 911 esse

245 960 466 1021 contractum
490 975 594 1041 supra
619 951 881 1041 explicavimus,
913 958 1032 1017 tamen
1063 951 1157 1017 haud
1184 951 1306 1039 paucis
1328 951 1415 1018 locis

244 1060 430 1148 archetypi
463 1060 572 1126 verba
607 1059 771 1126 servavit.
819 1058 886 1124 Sed
915 1080 1028 1145 neque
1058 1057 1125 1123 hac
1155 1057 1192 1124 in
1222 1080 1259 1123 re
1295 1080 1415 1125 omnes

242 1167 280 1232 in
304 1167 456 1233 medium
483 1167 640 1255 proferre
663 1167 826 1233 volumus
854 1166 961 1250 locos,
993 1166 1053 1230 sed
1083 1187 1141 1232 ecs
1172 1170 1322 1250 tantum,
1355 1165 1415 1251 qui

242 1273 394 1339 maxime
417 1273 591 1340 notabiles
615 1295 688 1339 esse
710 1271 883 1337 videntur.
919 1271 971 1336 Ac
995 1271 1148 1359 primum
1172 1271 1311 1359 quidem
1327 1273 1415 1340 duos

243 1380 387 1465 οοΠοοο,
413 1380 538 1466 quibus
555 1385 703 1467 apparet
718 1379 946 1466 interpretem
962 1377 1131 1444 Latinum
1154 1377 1413 1446 accuratissime

243 1486 378 1553 Graeca
402 1486 547 1552 vertisse
571 1485 697 1552 verba:

736 1664 819 1751 Cap.
843 1663 909 1730 XI.

242 1789 392 1874 Sequere
416 1811 481 1874 me,
507 1795 542 1854 et
565 1788 773 1854 hostendam
881 1788 973 1877 δεῦρο
996 1780 1173 1854 α’κολούθοι
1195 1813 1253 1873 μοι
1282 1789 1335 1855 ἵνα
1361 1809 1414 1857 σοι

241 1894 306 1960 tibi
321 1896 438 1962 locum
454 1895 695 1984 s<anctorum)‚
712 1895 773 1961 ubi
880 1887 1039 1974 ὑποδείξω
1090 1894 1146 1962 τὸν
1197 1895 1298 1962 τόπον
1350 1904 1415 1963 τῶν

242 2002 418 2067 ducuntur
478 2025 558 2068 cum
616 2002 773 2068 defuncti
882 2001 1023 2081 δικαίων,
1042 2011 1106 2068 ποῦ
1122 1993 1316 2090 οἷπίρχονται
1331 2002 1413 2087 μετὰ

439 2108 581 2176 fuerint.
959 2107 1016 2196 τὴν
1038 2110 1204 2176 τελείωσιν
1226 2101 1342 2176 αὗτῶν.

712 2322 796 2409 Cap.
821 2321 939 2389 XVII.

241 2446 434 2536 quoniam.
454 2498 460 2512 .
479 2497 486 2512 .
505 2497 512 2512 .
530 2445 661 2513 oblivio
678 2469 771 2512 nunc
879 2440 955 2514 ὅτι.
980 2497 988 2513 .
1014 2496 1022 2512 .
1047 2496 1055 2512 .
1077 2445 1165 2535 λήθη
1188 2446 1311 2534 ἐγένετο
1326 2449 1413 2516 ποίν-

239 2554 343 2620 fieret
380 2553 534 2620 omnium
570 2575 659 2639 quae
692 2576 771 2642 pec·
879 2578 944 2619 των
966 2562 1031 2620 τῶν
1050 2554 1291 2641 προγεγονότων
1314 2548 1413 2622 αὐτοῦ

297 2659 392 2726 cauit
415 2666 508 2726 retro
532 2659 714 2727 malcrum.
1019 2653 1267 2749 ἁμαρτημάτων.

347 2803 441 2869 Hinc
471 2802 516 2868 ad
547 2801 633 2869 alios
667 2809 886 2871 transeamus
915 2805 1029 2889 locos,
1066 2826 1213 2892 quorum
1244 2803 1412 2893 interpre-

239 2910 329 2976 tatio
353 2909 588 2977 offensicnem
612 2911 769 2998 praebet:

717 3053 800 3140 cap.
825 3052 930 3119 xnr.

238 3184 275 3243 et
297 3176 371 3243 vidi
394 3179 510 3244 totum
531 3177 711 3262 mundum,
736 3182 771 3242 et
879 3177 933 3242 καὶ
955 3175 1024 3243 ἰ’σον
1048 3172 1120 3244 ὅλον
1142 3176 1197 3245 τὸν
1219 3178 1339 3263 κόσμον

239 3290 316 3349 erat
351 3283 451 3370 quasi
484 3283 575 3349 nihil
612 3283 650 3349 in
690 3305 770 3350 con-

239 3397 359 3479 spectu
385 3412 481 3474 meo;
517 3398 552 3457 et
577 3390 649 3458 vidi
676 3390 771 3458 filios

238 3497 421 3564 hominum
437 3498 536 3586 quasi
551 3498 640 3564 nihil
656 3505 771 3565 essent
880 3491 925 3577 ὥς
949 3491 1039 3565 οὗσὲν
1059 3497 1198 3565 ἐνώπιόν
1212 3524 1275 3583 μου
1298 3498 1412 3566 ἐκλε-

334 3611 370 3670 et
394 3605 672 3673 deficientes.
1046 3605 1237 3672 λοιπότα.

688 3802 772 3890 cap.
797 3800 966 3868 xnum.

239 3928 286 3993 Et
331 3927 461 3993 iuxta
514 3948 575 3992 me
621 3926 769 3993 factus
876 3927 931 3992 καὶ
965 3927 1141 4015 πλησίον
1174 3950 1252 4009 μου
1285 3927 1412 4013 γενοί-

238 4033 359 4100 statim
394 4033 498 4099 flevit
527 4083 767 4100 ........
876 4057 997 4118 μενος
1020 4025 1195 4121 ἠσπάσατό
1223 4057 1266 4117 με
1293 4035 1412 4102 κλαίων

240 4191 246 4206 .
273 4191 280 4206 .
307 4191 314 4207 .
340 4191 346 4205 .
373 4162 492 4207 omnes
512 4139 660 4225 labores,
682 4163 769 4227 quos
878 4190 1052 4208 ......
1081 4133 1246 4224 ὃμόχθος
1276 4139 1311 4210 ὃν
1336 4140 1413 4227 ἐμό-

238 4247 367 4336 pertuli
383 4246 633 4335 propterfilics
648 4246 769 4334 Israel,
874 4253 987 4336 χθησο
1010 4247 1062 4314 διὰ
1087 4247 1162 4326 τοὺς
1184 4247 1273 4328 οίούς
1296 4249 1414 4340 Ισροηλ

266 4355 310 4420 ad
334 4353 483 4420 nihilum
507 4353 742 4441 disputati.
946 4355 993 4434 εἰς
1018 4346 1108 4421 ον’δὲν
1132 4352 1344 4446 ἐλογίσθη.
