3148 5108
629 477 830 544 -33-

236 676 369 742 Textus
392 675 527 741 formae
550 676 578 742 I.

178 785 337 850 Brandes
360 805 442 871 pag.
468 784 637 869 seesqq.

141 927 242 993 'I'uno
264 927 354 992 vidit
383 926 434 992 ibi
461 927 576 992 looum
604 927 676 1014 ple-

139 1057 225 1100 num
246 1034 330 1100 viris
354 1040 390 1100 et
413 1033 616 1099 mulieribus
640 1040 676 1097 et

35 1205 43 1232 ,
139 1147 217 1207 erat
231 1140 337 1207 fovea
354 1141 427 1208 alta
444 1141 483 1205 in
499 1138 675 1228 profundo

139 1247 208 1314 looi
232 1248 336 1335 plena
362 1247 573 1314 animabus.
600 1297 607 1312 .
633 1297 640 1312 .
669 1297 675 1312 .

19 1409 21 1412 .
139 1361 175 1420 et
214 1360 291 1420 erat
334 1355 559 1443 profunditas
606 1353 677 1420 looi

140 1460 233 1527 illius
265 1468 423 1527 trecenta
454 1460 551 1526 milia
583 1459 676 1527 eubi-

140 1574 268 1653 tomm,
293 1575 474 1655 gementes
496 1575 532 1634 et
547 1568 678 1637 flentes

140 1675 189 1741 ibi
228 1674 343 1740 anime
382 1681 418 1740 et
463 1675 672 1742 clamantes:

140 1781 303 1847 Miserere
325 1781 437 1867 nobis,
461 1781 516 1846 fili
540 1782 673 1849 David!

299 2090 380 2155 pag.
405 2067 513 2134 61117.

140 2190 299 2279 Abyssus
334 2192 563 2281 mensura<m>
603 2213 673 2259 non

348 2299 465 2365 habet.

300 2500 381 2565 pag.
406 2477 513 2544 66.19.

141 2601 229 2668 Cum
252 2601 319 2668 hoo
348 2601 502 2668 audisset
530 2602 672 2687 Paulus,

140 2707 312 2796 ingemuit
329 2715 365 2774 et
380 2708 493 2777 flevit.
523 2710 571 2774 Et
584 2709 674 2775 dixit

137 2836 140 2841 ·
325 2817 487 2902 angelus:

11 3003 12 3006 Ἴ
142 2922 232 3001 Quid
248 2922 390 3009 ploras?
426 2922 488 2989 Vis
504 2923 583 3010 plus
600 2945 672 2990 esse

141 3029 337 3095 misericors
360 3028 438 3095 lilio
463 3029 528 3114 dei,
554 3029 614 3116 qui
639 3080 671 3096 ..

11 3185 12 3194 ,
142 3186 149 3202 .
176 3186 216 3206 .,.
241 3135 374 3202 dimisit
388 3136 577 3225 unicuique
593 3159 673 3224 pro-

156 3242 290 3333 priam
313 3243 535 3310 voluntatem
561 3295 567 3308 .
594 3297 601 3310 .
627 3296 634 3312 .

300 3550 382 3617 pag.
407 3531 460 3597 66.
470 3540 513 3594 33.

141 3653 269 3741 Postea
292 3653 384 3719 vidit
408 3654 568 3720 mulieres
585 3655 673 3719 mul-

21 3828 25 3836 ,
140 3764 197 3826 tas
234 3759 271 3825 in
311 3759 380 3826 alio
414 3761 492 3828 looo
532 3761 673 3827 indutas

141 3867 268 3954 pannis
291 3873 328 3932 et
347 3867 425 3954 pioe
449 3874 485 3933 et
507 3867 673 3955 sulphure

68 3983 72 3996 “
141 3979 178 4037 et
201 3973 283 4060 igne
308 3980 344 4039 et
360 3974 528 4040 dracones
552 3981 588 4039 et
605 3996 673 4039 ser-

141 4087 264 4169 pentes
297 4080 390 4146 oiroa
421 4080 512 4147 oolla
543 4103 672 4166 earum,

142 4195 178 4255 et
201 4187 319 4275 angeli
343 4188 512 4256 habentes
542 4210 673 4255 oornua

117 4311 119 4314 ·
164 4295 278 4383 ignita
302 4295 551 4382 perouoiebant
574 4317 642 4361 eas.

885 676 1016 743 'I'extus
1040 677 1229 745 Parisinus.

842 784 867 850 J
868 805 962 849 ames
985 807 1067 871 pag.
1092 786 1173 852 ‘29ss
1189 809 1263 873 sqq.

786 924 834 989 Et
863 924 1318 994 vidi....looum...

785 1030 958 1118 repletum
986 1033 1070 1100 viris
1101 1042 1136 1099 et
1167 1035 1319 1100 mulieri-

786 1136 882 1205 bus.
909 1189 916 1204 .
943 1190 950 1204 .
976 1147 1012 1205 et
1034 1140 1108 1206 vidi
1136 1141 1259 1207 foveas
1282 1141 1319 1206 in

787 1245 963 1330 profundo
1001 1247 1105 1312 valde
1139 1254 1174 1314 et
1202 1249 1239 1313 in
1269 1249 1319 1314 eis

787 1350 921 1418 animas
944 1353 1111 1440 plurimas
1135 1354 1172 1418 in
1198 1378 1318 1439 unum,

787 1463 823 1523 et
868 1466 943 1523 erat
989 1461 1212 1547 profunditas
1249 1461 1319 1528 looi

787 1563 879 1630 illius
896 1566 995 1652 quasi
1011 1567 1079 1631 tria
1103 1567 1199 1632 milia
1224 1568 1318 1634 oubi-

786 1677 913 1756 torum,
937 1679 973 1738 et
1000 1673 1073 1738 vidi
1096 1697 1155 1740 eas
1179 1697 1318 1761 gemen-

787 1784 839 1843 tes
863 1785 899 1843 et
922 1779 1050 1846 flentes
1080 1787 1116 1846 et
1146 1780 1317 1848 dieentes:

815 1884 978 1951 Miserere
1001 1886 1113 1972 nobie,
1138 1887 1287 1955 domine.

943 2088 1024 2152 pag.
1049 2067 1102 2132 29.
1112 2075 1156 2132 20.

784 2187 971 2277 Aby(s>sus
1009 2213 1207 2257 mensuram
1246 2214 1317 2257 non

992 2297 1109 2363 habet.

942 2497 1023 2563 pag.
1047 2477 1155 2543 29.25.

782 2597 860 2684 Ego
895 2622 979 2667 vero
1016 2624 1095 2667 oum
1131 2601 1314 2669 audissem.

782 2705 920 2791 ploravi
955 2713 991 2771 et
1026 2707 1183 2795 ingemui
1209 2761 1215 2774 .
1240 2760 1247 2775 .
1274 2763 1281 2775 .
1308 2760 1315 2773 .

781 2811 979 2899 Respondit
1004 2816 1149 2901 angelus
1171 2825 1207 2880 et
1224 2815 1315 2880 dixit

781 2918 886 2983 mihi:
912 2920 1027 2999 Quare
1043 2921 1183 3008 ploras?
1207 2922 1316 2987 Num·

782 3023 865 3111 quid
898 3032 938 3091 tu
973 3028 1085 3114 magis
1119 3028 1315 3094 misericors

781 3131 846 3219 e(s)
882 3155 988 3219 qnam
1027 3136 1135 3200 deus?
1172 3185 1313 3202 .....

782 3236 960 3306 dimittens
1032 3264 1314 3328 unumquemque

780 3345 924 3432 propria
937 3349 1123 3415 voluntate
1134 3349 1252 3414 faeere
1269 3401 1275 3415 .
1294 3399 1300 3414 .

947 3548 1027 3613 pag.
1053 3528 1106 3593 33.
1119 3537 1144 3591 7.

781 3653 829 3717 Et
852 3658 934 3739 post
958 3673 1019 3716 aee
1043 3651 1116 3715 vidi
1147 3651 1242 3716 viros
1273 3673 1314 3715 ao

781 3759 943 3824 mulieres
993 3757 1136 3822 indutus
1187 3755 1314 3843 pannis

781 3865 895 3952 pioem
928 3863 1041 3951 plenis
1077 3870 1113 3928 et
1148 3862 1315 3928 sulforem

781 3971 891 4058 ignis,
923 3978 959 4037 et
990 3977 1091 4036 erant
1121 3969 1315 4034 diachones

782 4077 1027 4144 oiroumvoluti
1062 4076 1160 4142 eollis
1195 4097 1316 4141 eorum

784 4236 790 4251 .
822 4237 828 4251 .
860 4235 866 4251 .
903 4193 939 4250 et
977 4182 1215 4250 contenebant
1256 4204 1315 4249 eos

782 4291 900 4378 angeli
932 4293 1076 4357 abentes
1107 4290 1212 4377 ignea
1241 4311 1315 4355 oor-

797 4420 868 4464 nna
892 4406 928 4465 et
951 4399 1200 4487 perouoiebant
1223 4419 1292 4464 eos.
