3148 5108
698 946 889 1054 VITA

316 1265 415 1320 Natus
435 1283 503 1321 sum
522 1267 681 1322 Eduarcbce
699 1267 871 1336 Gotofredae
895 1266 1013 1332 Wicber,
1031 1265 1284 1335 Hofbieberanus,
1304 1284 1383 1321 anno

207 1361 525 1418 MDOOCLXXVIIII
543 1364 657 1419 mensis
669 1365 805 1437 Augusti
819 1363 868 1418 die
888 1363 1017 1435 septimo
1037 1362 1153 1418 decimo
1172 1369 1257 1434 patre
1276 1363 1384 1418 Hiero-

208 1476 301 1531 nymo
327 1466 424 1515 matre
450 1460 546 1515 Maria
573 1478 588 1515 e
613 1468 704 1534 gente
731 1459 894 1530 Goldbach,
921 1477 1048 1527 quorum
1074 1460 1161 1515 illum
1186 1466 1284 1515 morte
1309 1461 1384 1515 mihi

213 1565 349 1628 ereptum
369 1573 436 1613 esse
453 1557 542 1612 valde
560 1559 649 1632 lugeo
668 1559 745 1613 hanc
765 1561 961 1630 superstitem
980 1574 1048 1612 esse
1061 1575 1240 1630 magnopere
1259 1558 1384 1631 gaudeo.

212 1653 299 1708 Fidei
319 1653 458 1710 addictus
479 1673 547 1711 sum
567 1656 744 1712 catholicae.
781 1655 839 1711 Per
859 1661 927 1712 octo
947 1672 1042 1710 annos
1055 1655 1248 1722 frequentavi
1261 1674 1385 1728 gymna-

212 1752 292 1808 sium
305 1751 463 1822 Fuldense,
483 1753 536 1808 ubi
555 1770 626 1809 vere
639 1754 711 1810 anni
724 1752 1084 1809 MDCCOLXXXXVIII
1097 1753 1285 1808 maturitatis
1300 1756 1385 1808 testi-

211 1851 346 1905 monium
372 1850 499 1922 adeptus
526 1868 602 1908 sum.
640 1852 667 1906 A
693 1867 796 1906 mense
814 1850 913 1922 Aprili
940 1849 1074 1906 eiusdem
1102 1851 1174 1904 anni
1194 1867 1247 1922 per
1265 1856 1312 1904 ter
1331 1867 1386 1905 sex

209 1964 329 2003 menses
357 1948 473 2003 Fuldae
501 1948 612 2004 studiis
642 1965 762 2021 operam
791 1948 860 2012 dedi
885 1947 1107 2020 ,philosophicis
1137 1957 1168 2002 et
1196 1947 1385 2020 theologicis.

212 2044 329 2100 Deinde
347 2051 383 2099 ut
402 2045 606 2101 incumberem
626 2046 657 2101 in
671 2045 773 2101 studia
785 2045 940 2118 philologo
954 2045 1185 2100 universitatem
1199 2044 1260 2099 adii
1272 2045 1386 2099 Wirce·

211 2143 401 2216 burgensem,
421 2160 510 2210 quam
529 2150 600 2215 post
619 2160 674 2198 sex
692 2160 811 2198 menses
835 2142 952 2209 reliqui,
972 2148 1007 2196 ut
1025 2141 1063 2196 ad
1081 2141 1264 2196 academiam
1284 2141 1387 2196 Mona-

216 2241 394 2296 steriensem
407 2241 577 2295 transirem.
614 2240 719 2306 Neque
737 2239 786 2294 hic
799 2239 916 2294 diutius
937 2256 991 2294 sex
1009 2239 1165 2294 mensibus
1183 2245 1386 2294 commoratus

216 2336 414 2410 Marpurgum
442 2337 601 2393 Cattorum
627 2337 782 2409 profectus
811 2355 892 2401 sum,
921 2336 974 2391 ubi
1002 2353 1055 2408 per
1083 2343 1197 2409 septem
1229 2339 1388 2392 semestria

212 2434 333 2490 scholas
348 2435 409 2489 adii
422 2435 557 2490 virorum
571 2434 817 2489 doctissimorum
827 2437 903 2501 Birt,
918 2435 1017 2502 Cobet,
1028 2435 1134 2500 Εἶπεν,
1149 2435 1261 2502 Joccpa,
1276 2437 1387 2501 Macae,

211 2535 341 2600 Novom,
367 2535 470 2598 Nicea,
497 2533 660 2600 Sebrocder,
689 2532 798 2598 Tbielc,
823 2532 952 2588 Weatacl.
991 2531 1157 2597 Postquam
1182 2548 1235 2602 per
1259 2531 1307 2586 bis
1334 2548 1388 2586 sex

213 2646 335 2684 menses
366 2629 600 2683 exercitationes
628 2629 839 2700 proseminarii
866 2629 1013 2701 philologi
1040 2627 1246 2698 frequentavi,
1275 2629 1388 2702 insigni

215 2729 356 2784 Theodori
373 2729 467 2782 Birta·
490 2732 520 2780 et
539 2729 660 2782 Ernesti
677 2729 807 2783 Macaeii
824 2726 1035 2782 benevolentia
1054 2728 1086 2781 in
1106 2728 1301 2781 seminarium
1321 2744 1388 2782 sum

213 2829 353 2896 receptus
374 2826 500 2890 eiusque
518 2822 565 2878 fui
584 2824 698 2880 sodalis
709 2823 711 2828 '
724 2841 777 2896 per
795 2830 940 2891 quattuor
960 2824 1127 2879 semestria.
1152 2823 1311 2878 Praeterea
1336 2841 1389 2896 per

212 2938 267 2978 sex
288 2938 407 2977 menses
427 2921 554 2975 interfui
574 2921 842 2977 exercitationibus
862 2921 1057 2990 Germanicis,
1084 2938 1159 2987 quas
1179 2921 1390 2976 moderabatur

211 3021 320 3089 Elatcr,
349 3027 379 3074 et
404 3036 457 3091 per
488 3019 532 3073 bis
563 3036 617 3074 sex
642 3036 762 3075 menses
789 3018 1060 3074 exercitationibus
1086 3019 1251 3088 historicis,
1277 3018 1387 3086 quibus

211 3125 350 3190 praeerat
374 3120 410 3173 B.
435 3120 546 3196 Nicea¹
568 3117 686 3182 Quibus
712 3118 787 3173 viria
817 3117 958 3172 omnibus
984 3116 1099 3188 gratias
1128 3134 1185 3189 ago
1212 3131 1389 3187 semperque

212 3215 330 3270 habebo
357 3215 521 3285 maximas,
547 3217 706 3286 praecipue
734 3216 877 3272 ibeodoro
895 3217 1007 3281 Ratio,
1036 3215 1088 3284 qai
1114 3220 1145 3268 et
1170 3212 1208 3267 ad
1233 3213 1291 3268 hoc
1317 3231 1390 3285 opu-

212 3314 332 3371 sculum
353 3312 603 3368 conscribendum
621 3330 669 3367 me
688 3313 867 3368 invitaverit
886 3318 916 3366 et
935 3328 1025 3383 opera
1045 3311 1233 3377 consilioque
1257 3311 1389 3364 maxime

209 3427 257 3466 me
277 3411 441 3466 adiuverit.

664 3507 987 3612 PDO'7V39
