3148 5108
619 429 818 494 ..43-

113 629 162 690 et
190 622 380 689 verborum
403 621 655 707 declinatione,
680 645 787 711 quare
811 646 948 712 semper
972 647 1115 714 operam
1139 627 1240 712 dabo,
1263 634 1304 694 ut

111 730 267 796 incerta
292 752 311 795 a
336 728 439 796 certis
463 738 677 818 separentur.

240 836 306 902 His
330 835 481 924 peractis
504 835 574 900 iam
592 836 635 902 ad
651 859 725 902 rem
741 837 854 924 ipsam
870 838 1030 905 venimus
1047 847 1152 928 atque
1169 840 1304 929 quaeri-

115 967 219 1028 mus,
245 941 391 1030 quasin
414 949 532 1030 partes
556 943 704 1009 materia
728 944 773 1009 sit
797 945 995 1012 dividenda.
1036 947 1127 1012 Sane
1149 946 1210 1013 vix
1234 945 1304 1013 alia

117 1051 222 1117 solet
247 1048 404 1115 adhiberi
428 1047 554 1115 divisio
578 1048 645 1114 nisi
669 1071 775 1135 quam
799 1052 970 1138 praebent
995 1074 1114 1120 omnes
1133 1054 1207 1120 fere
1223 1053 1304 1121 libri

119 1159 175 1223 ad
207 1179 281 1223 rem
317 1154 585 1242 grammaticam
619 1156 843 1243 pertinentes.
892 1159 1025 1224 Tamen
1059 1160 1096 1225 in
1126 1184 1167 1228 ea
1198 1184 1303 1249 quam

120 1287 195 1329 nos
219 1268 413 1328 tractamus
435 1284 472 1326 re
503 1262 675 1348 quaedam
705 1271 817 1328 restat
839 1264 1052 1332 difficultas:
1088 1266 1172 1333 satis
1200 1290 1304 1356 saepe

122 1370 227 1437 enim
251 1369 369 1435 evenit
392 1375 430 1434 ut
455 1366 581 1432 incerti
605 1367 820 1456 haereamus,
853 1393 921 1458 quo
946 1371 983 1437 in
1007 1373 1123 1460 capite
1147 1373 1303 1460 singulas

122 1499 186 1543 res
221 1474 394 1542 notabiles
433 1473 652 1541 collocemus.
709 1475 827 1563 Atque
866 1476 928 1543 ubi
961 1476 1028 1543 hae
1067 1479 1304 1546 dubitationes

126 1590 360 1650 occurrerunt
382 1582 587 1670 plerumque
611 1587 749 1648 secutus
771 1606 846 1649 sum
863 1584 1202 1672 praestantissimum
1218 1585 1304 1651 illud

127 1714 230 1780 opus,
255 1691 349 1777 quod
377 1691 583 1782 conscripsit
606 1695 652 1760 M.
677 1693 818 1759 Bonnet
848 1691 891 1757 de
914 1691 1112 1758 Latinitate
1143 1691 1305 1778 Gregorii

127 1797 343 1865 Turonensis
354 1799 389 1886 ¹),
414 1820 457 1864 ex
481 1823 549 1887 quo
575 1800 717 1867 omnino
742 1821 914 1866 summam
937 1799 1079 1886 percepi
1102 1797 1303 1865 utilitatem.

238 1905 424 1972 Materiam
448 1905 558 1995 igitur
580 1907 631 1974 ita
655 1907 849 1995 disponam,
881 1912 921 1972 ut
951 1905 1102 1994 primum
1133 1927 1238 1994 agam
1261 1907 1304 1972 de

126 2011 306 2079 scribendi
340 2011 487 2099 ratione,
523 2013 648 2096 deinde
683 2015 725 2080 de
760 2012 1015 2081 vocabulorum
1049 2019 1085 2079 et
1116 2012 1304 2080 verborum

125 2118 377 2204 declinatione,
408 2126 484 2186 tum
515 2121 557 2186 de
586 2120 780 2188 dictionum
812 2118 1090 2205 constructione,
1125 2126 1302 2208 postremo

126 2227 175 2291 de
198 2226 449 2294 vocabulorum
473 2234 509 2294 et
532 2229 719 2295 verborum
742 2249 816 2294 usu.

452 2479 515 2562 De
543 2479 717 2563 ratione
745 2479 983 2564 scribendi.

238 2619 357 2686 Primo
390 2620 517 2686 obtutu
547 2620 585 2685 in
614 2620 714 2688 libris
744 2621 882 2689 serioris
917 2620 1044 2687 aetatis
1077 2619 1166 2687 mira
1197 2627 1303 2709 atque

126 2726 259 2794 vitiosa
284 2725 490 2794 observatur
514 2727 688 2794 scribendi
715 2728 817 2795 ratio.
865 2727 1074 2816 Saepissime
1104 2726 1244 2794 vocales
1267 2749 1304 2794 aa

127 2840 167 2899 et
189 2857 214 2920 a,
247 2839 321 2901 eet
342 2839 364 2920 i,
399 2840 476 2899 oet
502 2859 525 2902 a
554 2840 773 2922 permutatas
806 2833 965 2901 videmus
995 2833 1149 2921 itemque
1182 2853 1303 2900 conso-

126 2947 255 3007 nantes
279 2943 297 3007 b
320 2947 408 3028 etp,
433 2943 456 3008 d
477 2946 512 3006 et
535 2952 556 3027 t,
578 2965 600 3030 9
623 2947 658 3007 et
673 2946 697 3028 j
718 2948 784 3008 etc.
821 2942 917 3021 Quae
933 2939 1208 3029 permutationes
1231 2960 1303 3006 non

127 3070 174 3112 ex
195 3046 340 3113 libidine
365 3070 386 3113 a
408 3047 637 3136 scriptoribus
661 3055 743 3115 sunt
760 3048 942 3131 admissae,
966 3048 1026 3114 sed
1043 3052 1140 3113 certa
1156 3052 1303 3134 possunt

127 3153 300 3241 distingui
323 3176 464 3242 genera,
489 3177 579 3242 quae
602 3160 707 3243 prout
731 3154 788 3220 vel
811 3153 892 3220 libri
907 3155 965 3221 vel
987 3151 1226 3242 inscriptionis
1250 3159 1303 3219 est

128 3267 228 3328 aetas
251 3268 313 3327 aut
335 3261 433 3348 regio
458 3262 596 3328 diversa
620 3268 711 3329 sunt.
759 3262 950 3330 Videamus
973 3282 1068 3348 ergo,
1093 3283 1183 3347 quae
1206 3262 1303 3348 leges

127 3371 273 3435 valeant
296 3367 332 3433 in
356 3389 397 3435 eo
421 3391 525 3456 quem
547 3385 613 3436 nos
637 3375 830 3437 tractamus
852 3375 963 3436 textu.

506 3546 585 3634 cap.
611 3549 630 3618 Ι.
668 3549 713 3618 ne
737 3547 921 3618 vocalibus.

663 3656 691 3721 1.
717 3677 768 3720 ae.

236 3761 270 3841 a)
293 3783 331 3827 oa
353 3780 416 3847 pro
440 3784 456 3828 a
477 3759 592 3826 brevi:
611 3783 744 3850 praecor
759 3762 812 3828 37.
822 3771 874 3846 34,
898 3761 992 3843 42.9;
1017 3763 1182 3848 depraecor
1196 3760 1301 3826 35.16.

128 3876 171 3929 38.
190 3876 235 3950 35,
259 3866 311 3932 41.
321 3875 372 3948 233
401 3869 651 3954 adpraabando')
671 3869 763 3952 27.8,
787 3869 902 3950 32.29;
926 3867 1218 3956 onyelaa³)20.14;
1241 3871 1302 3934 cir·

129 3973 342 3986 *au——

237 4009 263 4078 l)
282 4007 321 4063 M.
340 4009 509 4079 Bonnet,
536 4008 579 4063 Le
604 4008 695 4065 Latin
714 4009 751 4064 de
771 4009 916 4084 Gregoire
934 4009 971 4066 de
990 4009 1096 4079 Teura,
1115 4008 1203 4064 Paris
1225 4008 1301 4064 1890.

237 4099 264 4168 2)
284 4097 528 4168 Schuchardt,
546 4097 741 4154 Volralismus
761 4099 814 4155 des
832 4097 1058 4170 Vulgtrlateins
1076 4098 1099 4168 I,
1112 4099 1180 4154 388:
1201 4115 1302 4171 „pree-

127 4186 258 4242 hendere
276 4186 426 4259 gewohnl.
445 4186 662 4243 Schreibweise
681 4187 734 4243 der
753 4188 883 4245 altesten
901 4187 1061 4244 Kodices“.

236 4278 263 4347 3)
283 4275 321 4332 cf.
348 4275 613 4347 Schuchardt,
639 4276 715 4333 vok.
733 4277 757 4347 1,
777 4279 838 4348 449,
863 4276 917 4332 ubi
941 4276 1084 4348 permulti
1102 4277 1162 4333 loci
1181 4294 1219 4332 ex
1237 4277 1301 4333 cod.

128 4365 205 4422 Med.
224 4364 313 4439 Verg.
334 4370 557 4422 enumerantur.
