3148 5108
757 453 953 522 ..18-

264 651 493 718 concordant:
523 650 560 716 in
583 650 717 718 Graeco
746 651 838 719 enim
869 658 1073 741 peccatores
1092 675 1201 740 usque
1224 655 1269 722 ad
1290 653 1437 742 capillos

264 757 412 824 demersi
442 766 778 844 commemorantur,
816 781 888 826 non
918 781 1002 826 vero
1034 759 1071 825 in
1100 760 1200 849 Syro,
1239 768 1362 829 contra
1399 762 1437 828 in

264 863 354 952 Syro
377 871 579 954 peccatores
602 887 710 952 usque
736 867 780 931 ad
802 866 897 932 labia
922 866 1069 934 demersi
1093 867 1346 954 describuntur,
1377 870 1436 936 sed

262 992 335 1038 non
357 971 395 1037 in
419 971 564 1038 Graeco.
612 971 738 1038 Omnia
762 978 880 1039 autem
909 972 997 1038 haec
1021 995 1151 1061 genera
1175 974 1355 1040 Parisinus
1379 997 1436 1041 ex-

263 1078 375 1163 hibet,
405 1078 497 1144 unde
526 1077 654 1144 iterum
689 1077 875 1166 integritas
906 1079 1009 1146 huius
1038 1086 1157 1147 textus
1190 1081 1274 1148 satis
1307 1102 1436 1169 cogno·

262 1184 380 1252 scitur.
426 1184 469 1250 In
486 1185 602 1272 capite
621 1191 776 1252 extremo
793 1186 973 1253 Parisinus
992 1193 1027 1252 et
1049 1187 1157 1275 Syrus
1177 1187 1321 1273 addunt,
1346 1210 1436 1275 quae

263 1291 430 1379 cuiusque
453 1291 592 1380 generis
615 1298 761 1379 peccata
785 1293 928 1378 fuerint,
953 1294 1046 1381 quod
1069 1294 1107 1359 in
1131 1293 1266 1361 Graeco
1296 1294 1436 1382 quidem

264 1398 490 1484 desideratur,
514 1398 574 1464 sed
599 1405 692 1464 certe
716 1398 753 1463 in
777 1399 971 1489 archetypo
996 1399 1142 1468 exstitit.

370 1506 456 1572 Inde
477 1507 707 1595 procedamus
731 1507 776 1572 ad
792 1529 869 1595 cap.
886 1508 1064 1592 XXXVI,
1089 1507 1188 1575 cuiue
1211 1509 1321 1574 altera
1345 1531 1437 1596 pars,

265 1635 333 1702 qua
363 1612 609 1679 describuntur
637 1613 778 1680 lectoris
802 1636 947 1702 poenae,
979 1614 1016 1680 in
1040 1614 1175 1681 Graeco
1209 1614 1435 1700 desideratur,

263 1727 381 1787 exstat
403 1741 487 1786 vero
511 1720 548 1785 in
573 1719 696 1786 ceteris
727 1719 842 1804 libris;
874 1721 960 1788 item
982 1721 1096 1809 prima
1126 1744 1207 1809 pars
1231 1721 1356 1809 capitis
1386 1744 1436 1787 se·

265 1826 413 1915 quentis,
444 1848 512 1914 qua
536 1827 698 1911 refertur,
728 1827 902 1912 quomodo
926 1829 1142 1894 feneratores
1166 1828 1368 1916 puniantur,
1399 1829 1436 1893 in

263 1934 323 2000 illo
347 1939 486 2001 tantum
508 1933 599 2000 libro
624 1933 729 2000 deest.

369 2040 447 2106 Iam
478 2041 523 2107 ad
554 2061 654 2128 capp.
679 2038 885 2106 XXXVIII
912 2046 947 2106 et
970 2041 1142 2107 XXXIX
1171 2040 1437 2130 progredientes

262 2147 422 2215 videmus
445 2169 611 2234 magnam
635 2153 772 2212 exstare
798 2146 1038 2213 differentiam
1061 2149 1154 2215 inter
1177 2148 1325 2215 codices.
1361 2148 1436 2214 Pri·

263 2276 360 2320 mum
390 2253 530 2342 quidem
560 2276 603 2319 ex
634 2253 862 2320 consensione
886 2253 1037 2319 Parisini
1068 2262 1104 2321 et
1128 2254 1208 2342 Syri
1237 2261 1337 2342 patet
1367 2261 1437 2322 tor·

263 2368 393 2447 menta,
418 2382 508 2448 quae
523 2359 565 2426 in·
576 2383 652 2448 cap.
669 2359 874 2426 XXXVIII
891 2359 1144 2444 describuntur,
1168 2360 1206 2425 in
1221 2383 1344 2448 magos
1361 2383 1435 2428 esse

263 2474 404 2557 parata;
437 2467 593 2534 Graecus
615 2489 699 2534 vero
731 2466 898 2534 hocloco
923 2468 1025 2554 plura
1055 2473 1281 2554 peecatorum
1305 2489 1436 2555 genera

263 2581 460 2641 enumerat:
494 2565 585 2652 οὗτός
608 2571 695 2640 ἐστιν
719 2566 737 2640 ὃ
759 2573 860 2652 τόπος
883 2571 966 2639 ’ἔνθα
987 2573 1178 2658 divionense
1208 2572 1239 2640 ol
1270 2573 1436 2663 φάρμακοι

264 2683 318 2748 καὶ
341 2681 452 2770 γόητες
474 2683 529 2748 καὶ
552 2679 583 2747 ol
606 2678 722 2768 πόρνοι
747 2682 802 2746 καὶ
826 2678 856 2746 ol
879 2681 988 2763 μοιχοὶ
1011 2681 1065 2746 καὶ
1089 2679 1119 2746 ol
1149 2684 1317 2767 πνίγοντες
1337 2680 1436 2770 χήρας

263 2790 318 2855 καὶ
341 2781 510 2878 ὀρφανούς.
544 2788 681 2854 Horum
705 2794 822 2854 autem
838 2794 1064 2874 peccatorum
1085 2793 1262 2854 tormenta
1285 2787 1322 2852 in
1338 2786 1435 2853 Pari-

264 2896 340 2962 sino
363 2895 454 2962 librc
479 2894 650 2982 separatis
674 2893 849 2982 capitibus
872 2901 1106 2981 peraguntur3
1130 2916 1215 2960 num
1239 2915 1322 2960 vero
1347 2894 1434 2960 haec

262 3003 299 3068 in
330 3001 523 3090 archetypo
556 2999 771 3084 exstiterint,
807 3022 849 3065 ex
883 2999 972 3087 Syro
1002 3000 1209 3067 concludere
1240 3023 1312 3067 non
1339 3000 1433 3086 licet,

263 3131 341 3175 cum
365 3108 422 3175 hio
445 3109 535 3174 liber
557 3128 698 3196 prorsus
722 3106 879 3173 discedat
894 3107 961 3173 hac
985 3107 1022 3172 in
1043 3129 1080 3172 re
1105 3107 1231 3174 alibro
1255 3106 1432 3195 primario.

261 3215 490 3303 comparanti
522 3221 639 3279 autem
674 3214 848 3280 Graecum
884 3219 920 3279 et
949 3212 1148 3279 Parisinum
1182 3213 1327 3279 dubium
1361 3235 1432 3280 non

260 3344 334 3388 esse
358 3328 484 3410 potest,
515 3320 599 3408 quin
623 3319 802 3386 Parisinus
832 3319 1017 3407 archetypi
1047 3320 1198 3386 formam
1229 3320 1430 3386 servaverit.

260 3430 382 3518 Neque
406 3428 498 3494 enim
521 3429 623 3516 plura
647 3433 752 3514 atque
780 3426 916 3492 diversa
940 3432 1166 3513 peccatorum
1197 3448 1328 3514 genera
1359 3449 1432 3492 eas·

260 3537 338 3601 dem
362 3535 511 3602 sufferre
534 3556 666 3622 poenas
696 3533 785 3599 tales
814 3531 896 3599 libri
924 3533 1054 3599 referre
1086 3534 1210 3619 solent,
1242 3555 1320 3599 cum
1352 3555 1431 3600 auo-

258 3648 352 3710 tores
381 3641 417 3708 id
452 3640 603 3707 maxime
638 3638 884 3728 spectaverint,
919 3646 959 3705 ut
988 3639 1176 3728 unicuique
1206 3646 1431 3728 peccatorum

259 3749 379 3837 generi
403 3771 461 3815 eas
485 3746 705 3836 potissimum
729 3745 962 3812 attribuerent
989 3768 1132 3834 poenas,
1164 3768 1253 3834 quae
1284 3745 1431 3834 singulis

258 3856 412 3944 peccatis
456 3854 586 3942 optime
626 3852 912 3920 accommodatae
950 3875 1023 3919 esse
1061 3852 1281 3919 videbantur.
1328 3853 1430 3920 Unde

258 3962 428 4052 suspicari
451 3961 534 4027 licet
549 3960 746 4027 Parisinam
762 3958 948 4026 lectionem
972 3960 1040 4027 hoc
1064 3981 1201 4046 quoque
1223 3960 1302 4026 loco
1319 3953 1429 4027 solam

258 4092 330 4137 esse
354 4091 483 4137 veram.

363 4175 481 4264 Atque
513 4174 625 4241 simile
654 4172 821 4239 iudicium
850 4173 892 4238 de
923 4195 999 4261 cap.
1024 4171 1092 4238 XL
1124 4171 1325 4239 faciendum
1355 4195 1428 4240 esse

256 4291 353 4371 puto.
400 4282 457 4348 Ibi
490 4281 671 4347 Parisinus
704 4278 879 4364 describit,
915 4301 1001 4366 quas
1036 4300 1168 4367 poenas
1202 4280 1272 4346 tria
1305 4303 1428 4368 pecca-

256 4399 372 4459 torum
407 4411 536 4478 genera
571 4387 770 4476 patiantur,
806 4384 931 4472 quibus
966 4385 1003 4451 in
1037 4385 1172 4453 Graeco
1207 4408 1315 4454 unum
1351 4394 1428 4454 tan·
