3148 5108
638 426 831 491 „ffi-

145 621 260 711 primi,
284 626 325 686 ut
349 618 558 700 Quintiliani
581 619 698 686 verbis
720 625 811 685 utar.
859 619 972 699 Quare
1001 626 1151 687 nonest
1180 619 1317 707 mirum,

145 727 238 816 quod
270 727 382 792 multa
412 733 552 792 exstant
583 727 753 814 exempla,
785 747 933 813 quorum
963 750 995 793 n
1025 725 1145 792 finalis
1175 725 1317 793 omnino

144 841 198 901 est
227 832 365 899 omissa.
412 833 493 898 Hue
524 854 565 898 ea
595 854 667 898 non
697 831 891 919 pertinent,
922 853 966 896 ex
997 831 1123 919 quibua
1155 831 1317 899 eoneludi

141 947 262 1029 potest
285 962 357 1005 aee.
382 945 418 1004 et
441 940 509 1005 abl.
534 938 623 1026 sing.
649 960 721 1005 esse
745 943 979 1027 permutatos3
1004 940 1047 1004 de
1071 938 1198 1004 haere
1224 939 1318 1005 enim

142 1054 268 1134 postea
303 1046 370 1112 erit
400 1047 586 1133 agendum.
633 1046 712 1112 Hoo
742 1044 819 1112 looo
849 1044 887 1110 in
917 1045 1013 1112 hisee
1043 1068 1099 1111 me
1129 1045 1318 1112 continebo

142 1152 330 1241 exemplis:
360 1155 472 1221 nabent
501 1155 663 1220 bonitatem
692 1162 720 1219 at
747 1157 924 1219 innoaana'a
954 1151 1069 1235 21.’1“3’;
1100 1156 1178 1220 laea
1199 1175 1319 1220 omnam

143 1271 228 1328 arra
259 1260 374 1342 22.1e;
409 1261 474 1326 nidi
501 1263 601 1326 aliam
630 1282 698 1327 sena
729 1257 826 1340 30.e;
861 1281 956 1348 aequa
984 1263 1018 1325 in
1047 1260 1181 1326 eannda
1210 1262 1318 1326 lanam

144 1367 258 1448 40.10;
282 1389 344 1433 nan
366 1368 487 1433 abantea
508 1368 653 1452 raparbr'a
674 1365 787 1447 26.so;
819 1367 964 1452 offerebat
985 1368 1084 1433 hostia
1107 1364 1159 1432 30.
1172 1372 1204 1447 23
1235 1367 1285 1431 obl
1305 1403 1318 1415 ·

145 1479 227 1541 a'ena
249 1469 406 1560 offerentes
429 1473 536 1538 33.st

187 1880 251 1963 lle
280 1879 597 1961 venabulorum
625 1879 669 1961 et
697 1879 936 1962 verborum
964 1880 1278 1964 declinatione.

365 2020 442 2107 cap.
467 2021 486 2089 Ι.
535 2021 581 2089 lle
605 2019 841 2090 vocabulorum
867 2021 1101 2092 leollnatlone.

376 2146 405 2210 1.
430 2144 488 2209 De
511 2143 734 2210 nominum
757 2144 1081 2214 declinatione.

251 2269 441 2354 Permulta,
466 2291 556 2355 quae
579 2267 648 2334 huo
672 2268 861 2357 pertinent,
886 2270 923 2335 in
946 2277 1047 2358 parte
1071 2291 1161 2356 quae
1185 2268 1255 2335 fuit
1277 2270 1319 2335 de

144 2375 400 2464 orthographia
414 2375 484 2441 iam
497 2381 579 2441 sunt
592 2382 874 2442 commemorate.
905 2375 974 2443 Hie
990 2374 1160 2442 nonnulla
1172 2397 1320 2462 sequun-

145 2490 212 2565 tur,
239 2504 328 2568 quae
352 2504 458 2569 supra
487 2503 559 2546 non
583 2486 749 2568 poterant
772 2481 927 2550 tractari.
973 2480 1119 2549 Initium
1150 2482 1250 2570 oapio
1275 2481 1320 2548 ab

144 2590 198 2657 his
223 2588 410 2677 exemplis:

250 2698 360 2764 adana
383 2707 410 2763 et
432 2695 560 2782 orfanos
581 2718 643 2762 nan
666 2705 709 2763 aet
731 2701 873 2764 misertas
895 2696 1008 2777 30.11;
1032 2698 1121 2764 nilne
1145 2707 1173 2764 a
1193 2697 1321 2783 orfanos

145 2827 206 2871 nan
235 2812 307 2870 eant
335 2805 453 2869 miserti
479 2801 594 2883 33.16;
628 2803 742 2868 advena
765 2807 1008 2890 apereqrinnm
1039 2826 1100 2870 nen
1129 2807 1322 2888 anapiantes

145 2911 252 2976 &a

251 3014 370 3080 Pauea
393 3013 502 3080 verba
526 3013 569 3078 de
592 3012 717 3080 ultimo
742 3015 902 3101 exemplo
919 3018 1001 3078 sunt
1017 3012 1189 3080 facienda.
1230 3013 1316 3080 For·

145 3144 238 3187 mam
273 3123 388 3187 advene
422 3119 616 3186 eeeusativi
650 3121 728 3186 loeo
764 3119 916 3207 positam
951 3141 1024 3186 esse
1055 3126 1173 3208 patet3
1210 3126 1316 3206 atque

145 3228 246 3315 plura
269 3226 372 3293 huius
395 3226 447 3292 rei
470 3227 631 3314 exempla
662 3225 698 3290 in
727 3225 826 3292 libris
856 3225 993 3292 serioris
1026 3226 1152 3292 aetatis
1181 3226 1317 3293 inveni·

144 3333 292 3421 untur.¹)
327 3333 442 3399 Aliter
457 3333 683 3399 iudicandum
708 3355 781 3399 esse
797 3333 938 3399 videtur
954 3334 996 3398 de
1012 3333 1186 3420 prioribus
1202 3356 1316 3399 exem·

145 3441 221 3528 plis.
267 3441 360 3506 Nam
384 3479 426 3488 —
450 3446 491 3505 ut
514 3439 608 3505 infra
633 3440 878 3506 demonstrabo
907 3479 942 3489 -
969 3445 1108 3507 misereri
1136 3461 1317 3527 nunquam

145 3547 181 3612 in
215 3546 282 3613 hoo
317 3553 418 3612 textu
454 3545 656 3613 accusativo
693 3544 897 3612 adiunetum
933 3557 986 3611 est
1017 3546 1077 3612 sed
1112 3546 1316 3634 plerumque

146 3653 282 3736 dativo;
315 3675 424 3739 quare
453 3652 674 3718 aecusativus
698 3654 826 3740 orfanos
849 3651 960 3718 dativi
983 3653 1061 3718 loeo
1085 3651 1220 3740 positus
1243 3674 1317 3720 esse

147 3759 293 3825 videtur.
337 3758 454 3846 Atque
478 3758 582 3825 huius
606 3781 744 3847 quoque
760 3757 1029 3846 permutationis
1045 3759 1206 3847 exempla
1223 3761 1316 3847 apud

146 3866 283 3932 eosdem
307 3872 466 3932 auotores
488 3865 749 3953 reperiuntur.²)
1277 3883 1279 3888 ·

250 3971 462 4058 Progredior
477 3973 521 4038 ad
540 3970 626 4037 alias
638 3972 771 4037 formas
782 3971 967 4038 notabiles.
999 3972 1068 4038 Pro
1076 3976 1145 4059 filii
1156 3976 1209 4056 (=
1222 3993 1315 4038 nom.

22 4151 23 4160 χ
145 4080 249 4168 plur.)
278 4085 393 4146 exstat
420 4102 500 4167 pag.
527 4079 623 4144 1232
638 4082 703 4165 Jtlr'.
749 4078 874 4146 Vocat.
906 4077 995 4165 sing.
1028 4076 1183 4145 eiusdem
1213 4100 1317 4144 voea-

252 4259 277 4322 1)
297 4255 336 4311 of.
355 4254 612 4312 Jubainville
630 4255 648 4311 l.
668 4255 686 4311 1.
706 4273 774 4329 pag.
795 4259 835 4312 1⁷.

251 4345 279 4414 2)
299 4343 337 4399 ef.
357 4343 615 4401 Jubainville
633 4344 652 4402 l.
671 4344 690 4398 l.
709 4361 775 4418 pag.
794 4347 837 4401 61.
