3148 5108
626 475 822 540 ..47-

247 671 283 759 b)
306 695 323 740 o
345 671 453 757 longe
478 676 595 735 eutem
619 669 794 735 interdum
822 668 942 736 littera
965 675 1063 736 uest
1086 676 1312 758 compensata

132 777 175 844 in
200 779 298 844 exitu
321 777 591 845 vocabulorum:

248 885 315 952 abl.
340 884 429 972 sing.
454 883 649 971 11d001.¹):
674 885 711 951 de
733 885 853 952 munde
878 885 991 966 16.1e;
1015 889 1049 951 in
1072 887 1138 951 σείει
1163 885 1213 951 17.
1226 893 1252 949 2.

248 1015 318 1059 aec.
335 992 426 1080 plur.
443 991 480 1056 H
496 991 583 1057 deel.
594 991 637 1078 ²):
661 993 789 1060 indutus
803 991 910 1075 3218,
927 992 980 1056 33.
993 1001 1025 1073 7;
1042 993 1193 1060 dimersus
1207 992 1260 1058 31.
1270 1001 1312 1056 13.

680 1170 711 1235 6.
736 1190 769 1234 u.

248 1278 283 1366 a)
306 1299 402 1365 opro
419 1301 440 1344 u
463 1275 579 1343 brevi:
601 1279 748 1365 yallieola
766 1277 877 1358 11.1⁷;
902 1279 1018 1344 console
1035 1277 1132 1359 11.9;
1156 1275 1313 1365 eulsor(ie>

138 1387 255 1468 32.14;
278 1386 428 1472 sulforem
453 1384 552 1466 33.8;
577 1388 754 1451 miseranter
777 1383 830 1447 35.
841 1389 884 1447 23.

247 1491 283 1577 b)
307 1516 324 1560 ο
347 1512 410 1579 pro
433 1515 456 1558 u
478 1490 586 1578 longa
609 1489 646 1555 in
670 1510 742 1556 aee.
766 1486 856 1576 plur.
881 1487 933 1554 IV
955 1488 1060 1554 deth:
1075 1489 1200 1574 fructos
1215 1489 1312 1556 2232

138 1598 236 1688 (bis),
260 1599 352 1683 23.1‚
376 1597 489 1681 35.17;
513 1599 649 1680 tactem
673 1595 780 1661 2013.
1039 1589 1042 1595 '

248 1705 302 1770 De
318 1704 385 1770 hae
405 1726 443 1771 re
467 1701 553 1769 dieit
569 1701 903 1788 Sohuehardt⁴):
931 1701 1040 1789 „Dese
1056 1700 1133 1767 hier
1147 1701 1248 1768 nieht
1262 1725 1316 1768 eo-

137 1812 235 1880 wohl
251 1811 308 1878 ein
323 1811 602 1897 Lauttibergang
624 1808 674 1876 als
691 1809 769 1874 eine
784 1807 1083 1895 Verweehselung
1106 1808 1167 1875 der
1177 1802 1235 1876 ‘IV
1250 1808 1316 1875 mit

137 1921 204 1985 der
231 1920 268 1985 Π
297 1917 528 1985 Deklinetion
561 1915 830 2004 stettgefunden
861 1914 935 2000 hat,
967 1915 1053 1981 lttsst
1084 1914 1158 1980 sich
1188 1915 1315 1982 danaus

139 2026 350 2108 abnehmen,
376 2025 455 2091 dese
479 2023 526 2090 im
551 2023 639 2090 Gen.
665 2022 699 2089 S.
724 2023 796 2092 und
820 2023 921 2089 Nom.
953 2021 1006 2087 Pl.
1040 2020 1114 2088 sieh
1146 2043 1213 2089 nur
1235 2021 1315 2088 sehr

139 2133 254 2201 selten
277 2157 309 2201 oe
331 2130 559 2219 gesehrieben
582 2129 727 2196 findet.“

249 2238 453 2305 Notandum
476 2237 627 2325 denique
651 2243 719 2304 est:
744 2238 848 2306 docere
871 2239 927 2320 (τ-
951 2237 1071 2318 ducere)
1096 2237 1187 2302 33.4.

671 2416 700 2481 7.
726 2435 783 2501 qu.

250 2548 266 2591 e
296 2544 360 2611 pro
393 2547 434 2612 qu
464 2521 516 2589 bis
551 2522 589 2588 in
623 2521 745 2588 eodem
777 2517 950 2587 vocabulo
986 2519 1176 2607 reperitur:
1212 2545 1316 2590 corum

143 2633 304 2715 15.e.17;
328 2637 383 2722 qui
404 2653 467 2719 pro
492 2637 542 2700 eui
563 2631 617 2698 40.
629 2639 654 2695 2.

251 2743 306 2829 qui
327 2761 390 2827 pro
414 2743 500 2826 σφῆς
526 2741 693 2825 Quineqiue
717 2740 822 2807 11.10.

249 3075 271 3139 y
294 3072 357 3139 pro
380 3055 394 3117 i
415 3072 488 3116 non
511 3048 691 3116 invenitur
722 3050 790 3117 nisi
813 3050 852 3115 in
873 3049 1076 3117 nominibus
1108 3048 1259 3137 propriis
1283 3055 1318 3114 et

133 3158 181 3223 ,in
205 3156 258 3225 his
281 3156 481 3224 vocabulis:
506 3158 672 3244 duodecym
696 3158 792 3240 24.7;
816 3161 882 3244 oley
905 3157 1013 3222 2419.

252 3267 283 3332 9.
307 3263 456 3329 Iamiam
485 3262 603 3330 omnia
634 3263 726 3349 fere,
762 3285 852 3352 quae
884 3265 927 3329 ad
960 3264 1100 3330 vocales
1130 3261 1318 3351 pertinent,
1371 3311 1373 3314 -

144 3376 289 3460 perante
313 3376 405 3455 sunt,
429 3369 498 3436 nisi
522 3370 615 3457 quod
640 3369 729 3436 duee
752 3376 888 3436 restant
903 3368 1039 3437 formae
1064 3369 1205 3457 quaein
1221 3369 1318 3436 nullo

146 3478 263 3567 eapite
287 3477 517 3543 antecedente
541 3482 707 3563 poterant
729 3477 893 3543 tractari:

254 3657 280 3722 1)
299 3652 336 3708 In
354 3657 483 3720 utroque
501 3651 648 3708 vocabulo
667 3671 688 3709 u
706 3657 876 3725 permutata
902 3657 949 3709 est
967 3653 998 3708 in
1018 3670 1033 3708 ο
1051 3652 1184 3709 fortasse
1202 3671 1220 3709 a
1238 3672 1268 3709 m
1287 3655 1319 3722 23

146 3741 409 3812 Schuchardt,
428 3741 504 3798 vok.
522 3740 562 3812 ΙΙ,
576 3742 625 3797 92:
644 3742 682 3796 ln
694 3741 753 3796 den
766 3742 954 3798 Insehriften
966 3742 1019 3798 der
1031 3742 1202 3798 Kaiserzeit
1214 3742 1319 3798 finden

145 3833 203 3888 wir
221 3831 392 3887 zahlreiehe
410 3830 540 3886 Formen
560 3831 592 3885 in
611 3862 644 3871 -
664 3847 700 3901 u;
720 3849 776 3887 vor
795 3830 883 3886 ellem
903 3831 934 3885 in
954 3831 1012 3886 den
1031 3831 1236 3888 ehristliehen.

253 3932 281 4000 2)
299 3931 447 3997 secundus,
471 3946 549 3985 moue
567 3932 613 4000 (=
632 3946 692 3984 aee.
710 3929 798 4001 plur.)
824 3929 856 3983 in
876 3927 1037 3984 Claudiani
1063 3929 1126 3986 eod.
1152 3930 1320 3987 Veronensi

144 4021 189 4089 R;
208 4019 246 4075 ef.
264 4019 368 4088 Birt,
388 4017 509 4075 claudii
529 4017 689 4073 Claudiani
708 4019 841 4073 carmine
860 4018 969 4090 (Berol.
991 4019 1071 4088 1892)
1091 4037 1159 4092 pag.
1178 4018 1263 4076 OOV.

253 4121 280 4190 3)
299 4117 370 4189 Peg.
390 4118 468 4172 3229
486 4122 566 4173 actos
584 4117 631 4188 (=
649 4134 727 4172 nom.
748 4115 837 4188 plur.)
857 4117 1019 4186 invenitur,
1045 4117 1125 4184 quod
1145 4133 1183 4173 ex
1202 4117 1320 4173 librarii

147 4224 247 4264 errore
267 4212 369 4263 ortum
388 4205 517 4276 videtur,
538 4223 607 4261 eum
625 4222 674 4261 voe
693 4205 868 4275 antecedat3
888 4204 927 4260 ef.
947 4222 1038 4277 supra
1055 4222 1123 4278 pag.
1142 4208 1185 4262 41.

253 4307 280 4373 4)
300 4302 565 4372 Sehuehardt,
588 4302 659 4358 Vok.
680 4302 719 4372 ΙΙ,
734 4305 792 4358 189.

254 4406 283 4474 5)
300 4401 340 4458 ef.
358 4402 459 4471 Birt,
478 4399 557 4456 Mus.
576 4399 673 4456 Rhen.
691 4398 749 4455 LII
766 4399 869 4473 Suppl.
891 4417 959 4473 pag.
979 4403 1029 4456 175
1042 4417 1106 4469 sqq.
