3148 5108
671 412 870 476 „ffl-

184 625 242 686 ea,
278 627 367 692 quae
401 604 437 669 in
473 606 589 692 capite
624 607 667 671 de
702 607 896 672 dictionum
932 607 1193 673 constructione
1229 615 1356 693 egente

183 711 354 777 notabilia
378 712 597 797 videbantur,
622 712 703 778 huic
727 713 922 778 sententiae
945 721 1156 800 repugnant.

291 818 394 882 Hanc
418 818 639 907 apocalypsis
663 843 688 884 a
710 819 813 884 Pauli
836 819 1165 907 interpretationem
1194 843 1283 888 saec.
1305 819 1356 886 VI

183 926 333 990 fortasse
370 925 440 991 iam
474 949 562 992 saec.
596 928 628 993 V
666 949 740 992 esse
776 935 901 1010 ortam,
937 927 1031 1012 quod
1070 928 1175 993 modo
1211 926 1356 1010 conieci,

184 1031 325 1097 aliunde
364 1055 501 1120 quoque
532 1040 649 1120 potest
687 1033 865 1099 concludi:
906 1033 1081 1099 Graecum
1112 1034 1206 1099 enim
1238 1034 1357 1099 arche·

183 1145 309 1226 typum
342 1162 391 1206 oa.
416 1142 482 1207 395
512 1139 748 1228 conscriptum
778 1162 852 1206 esse
883 1140 1169 1206 Tischendorlius
1199 1162 1357 1227 compro·

183 1246 283 1311 bavit
293 1247 329 1334 ¹),
355 1246 447 1312 hunc
472 1254 590 1313 autem
606 1247 733 1311 librum
750 1247 919 1334 proximis
935 1247 1151 1333 temporibus
1168 1246 1357 1332 diligenter

183 1351 381 1418 lectitatum
405 1375 478 1418 esse
502 1375 544 1418 ex
568 1353 778 1419 testimoniis
795 1352 979 1419 Sozomeni
1003 1359 1038 1417 et
1054 1352 1246 1438 Augustini
1264 1352 1356 1417 clare

183 1459 313 1541 elucet;
331 1481 438 1546 quare
454 1459 641 1525 verisimile
659 1467 710 1524 est
727 1483 814 1526 saec.
833 1461 865 1527 V
882 1465 945 1524 aut
962 1459 1012 1525 VI
1029 1459 1356 1545 interpretationem

182 1567 348 1633 Latinam
372 1567 473 1632 huius
503 1566 585 1631 libri
618 1589 691 1632 esse
723 1566 975 1653 oonsoriptam;
1011 1588 1101 1653 quae
1131 1565 1283 1651 suspicio
1311 1586 1355 1630 eo

182 1675 423 1757 confirmatur,
449 1674 542 1760 quod
566 1681 683 1739 textus
707 1673 887 1738 Parisinus
912 1673 955 1738 ad
987 1674 1139 1738 formam
1170 1671 1356 1759 archetypi

183 1781 310 1846 Graeci
334 1781 492 1868 proxime
517 1780 662 1864 accedit,
687 1779 791 1845 ceteri
810 1801 893 1844 vero
918 1778 998 1844 libri
1015 1778 1060 1844 ab
1076 1801 1117 1843 ea
1135 1778 1354 1864 discrepant;

182 1889 407 1977 quemobrem
423 1909 494 1952 non
512 1886 656 1952 dubium
675 1909 748 1952 esse
764 1885 912 1969 videtur,
930 1885 1017 1971 quin
1033 1891 1151 1950 textus
1164 1883 1355 1968 Parisinus,

183 2017 261 2061 eum
286 1995 416 2083 optime
441 1994 625 2081 archetypi
649 1994 800 2059 formam
824 1991 1027 2074 servaverit,
1057 1990 1164 2056 etiam
1196 1990 1355 2077 proxime

182 2102 226 2167 ad
250 2108 402 2166 aetatem
426 2099 520 2164 illius
542 2098 623 2164 libri
648 2099 802 2165 accedat.

292 2283 318 2350 l)
337 2277 376 2333 cf.
396 2276 683 2348 Tischendorf,
702 2277 899 2348 apocalypses
918 2275 1108 2348 apocryphae
1127 2292 1194 2346 pag.
1213 2272 1293 2327 XVI.
