3148 5108
615 393 813 457 ..11-

126 597 194 673 tur,
220 589 414 676 archetypo
440 587 485 653 sit
502 587 717 654 tribuendus.
757 588 944 653 Praeterea
961 586 1145 652 enuntiata
1162 609 1300 672 quoque

125 697 208 762 libri
232 695 393 780 Parisini,
418 718 507 782 quae
531 694 645 780 magis
669 696 713 759 ad
737 717 837 760 usum
857 694 1002 782 linguae
1019 694 1176 759 Graecae
1193 716 1299 780 quam

125 803 276 869 Latinae
300 807 472 890 spectant,
497 801 582 868 satis
605 801 759 889 probant
782 800 873 866 hanc
890 807 1026 888 partem
1051 800 1087 864 in
1105 800 1297 887 archetypo

126 908 311 975 exstitisse.

233 1052 339 1118 Hisce
362 1052 562 1140 praemissis
586 1053 657 1117 iam
681 1051 819 1137 singula
844 1051 1012 1117 librorum
1038 1050 1156 1138 capita
1186 1049 1299 1137 perlu-

126 1165 277 1224 strantes
301 1159 468 1224 iudicium
485 1158 601 1224 facere
619 1181 785 1224 conemur
808 1160 849 1223 de
871 1157 1076 1245 archetypo.
1111 1157 1192 1222 Non
1215 1178 1298 1221 vero

126 1288 247 1332 omnes
283 1265 503 1331 differentias
538 1272 690 1331 tractare
726 1265 807 1331 volo
841 1265 902 1330 sed
933 1287 991 1330 eas
1023 1270 1174 1347 tantum,
1210 1284 1299 1350 quae

128 1373 281 1438 maxime
305 1372 478 1438 notabiles
503 1372 677 1438 videntur.
724 1371 842 1458 Atque
873 1394 916 1436 ex
945 1370 1066 1459 primis
1096 1369 1210 1435 verbis
1243 1392 1300 1434 ex-

127 1479 263 1545 ordium
288 1485 464 1545 sumentes
480 1486 598 1544 textus
622 1480 692 1544 iam
716 1479 753 1543 in
779 1479 994 1544 contrarium
1014 1478 1189 1543 discedere
1206 1477 1300 1541 vide-

126 1609 212 1652 mus,
259 1587 351 1651 Nam
383 1586 420 1650 in
444 1585 595 1651 Parisini
625 1585 726 1650 initio
756 1585 954 1651 invenimus
984 1584 1115 1672 primos
1145 1583 1299 1669 quinque

126 1715 246 1758 versus
278 1692 404 1780 capitis
426 1693 502 1757 XII
527 1691 670 1758 alterius
701 1692 872 1780 epistulae
896 1692 999 1757 Pauli
1030 1693 1075 1757 ad
1099 1690 1300 1756 Corinthios

126 1798 268 1883 missae,
304 1799 363 1886 qui
400 1821 520 1865 versus
551 1799 762 1865 verbotenus
794 1799 998 1887 conspirant
1028 1821 1107 1864 cum
1136 1797 1298 1880 editione,

126 1928 215 1992 quae
250 1905 398 1992 vulgata
434 1904 609 1970 nominari
645 1906 743 1970 solet.
797 1906 839 1969 In
875 1905 1009 1970 Graeco
1046 1911 1164 1970 autem
1198 1909 1299 1968 textu

125 2035 239 2100 pauca
264 2018 403 2078 tantum
433 2011 500 2077 hoc
531 2011 608 2077 loco
641 2011 806 2098 leguntur
836 2012 954 2096 verba,
985 2034 1074 2099 quae
1104 2019 1223 2076 tamen
1255 2010 1298 2075 ad

126 2120 266 2185 eosdem
291 2118 383 2184 illius
408 2118 579 2206 epistulae
595 2141 715 2184 versus
739 2125 911 2207 spectant.
948 2119 1028 2206 Syri
1053 2117 1201 2205 denique
1217 2117 1299 2182 libri

126 2226 183 2290 hic
214 2224 303 2290 nihil
334 2225 476 2309 habent,
513 2227 606 2311 quod
641 2228 863 2313 respondeat,
899 2249 1012 2313 neque
1048 2225 1084 2290 in
1119 2226 1172 2309 iis,
1209 2247 1298 2310 quae

127 2340 332 2419 sequuntur,
358 2354 437 2397 cum
461 2332 530 2398 illis
553 2332 709 2398 textibus
734 2333 976 2410 consentiunt;
1001 2332 1182 2398 Parisinus
1205 2331 1298 2396 enim

127 2448 163 2504 et
187 2439 341 2504 Graecus
365 2438 486 2526 primis
511 2439 685 2526 capitibus
708 2439 885 2524 exhibent,
918 2461 987 2525 quo
1011 2438 1163 2506 mirabili
1193 2439 1296 2504 modo

126 2545 235 2629 Tarsi,
259 2545 296 2609 in
321 2545 465 2610 Ciliciae
488 2546 583 2630 urbe,
608 2546 694 2611 haee
712 2546 934 2634 apocalypsis
959 2545 1004 2612 sit
1027 2547 1183 2630 inventa,
1208 2566 1298 2630 quae

124 2674 178 2718 res
201 2652 239 2716 in
259 2650 356 2738 Syris
374 2651 469 2718 libris
492 2651 528 2716 in
553 2651 626 2717 fine
643 2652 865 2741 apocalypsis
881 2659 1055 2718 narratur.
1092 2652 1297 2738 Etiamque

125 2781 217 2824 anno
238 2758 328 2824 hanc
354 2759 596 2845 apocalypsim
620 2759 801 2824 inventam
825 2782 898 2824 esse
922 2758 1103 2843 finxerint,
1134 2781 1177 2823 ex
1200 2757 1298 2822 Pari-

124 2866 199 2930 sino
217 2872 252 2930 et
269 2865 404 2929 Graeco
422 2863 654 2948 concluditur,
676 2865 801 2952 quihus
817 2865 853 2930 in
869 2866 968 2932 libris
984 2865 1093 2954 ipsius
1110 2865 1194 2930 anni
1218 2886 1298 2930 0011-

124 2972 215 3038 sules
232 2970 468 3036 nominantur.
505 2971 548 3036 In
565 2972 700 3038 Graeco
718 2972 862 3038 alterius
879 2971 1031 3038 consulis
1054 2994 1183 3038 nomen
1207 2971 1297 3036 10100

124 3085 176 3144 est
204 3078 384 3161 traditum,
415 3076 466 3142 ibi
497 3078 590 3143 enim
612 3079 781 3165 leguntur
802 3080 926 3145 verba:
964 3077 1020 3146 aa
1049 3087 1106 3169 τῆς
1140 3071 1299 3155 ὑπατείας

128 3185 297 3252 6001100100
327 3193 384 3249 ταῦ
415 3176 565 3269 εὐσεβοῦς
590 3187 748 3270 βασιλέως
777 3187 832 3250 καὶ
855 3195 1049 3253 Κωντιανσῦ.
1097 3186 1185 3250 Cum
1214 3205 1298 3252 vero

96 3335 97 3338 =
123 3314 251 3358 nomen
289 3300 477 3357 Κωντιαναῦ
514 3312 587 3358 non
625 3299 755 3376 exstet,
795 3292 1083 3359 Tischendorfius
1123 3301 1299 3379 Γρατιαναῦ

125 3399 332 3482 coniecerat,
357 3420 448 3484 quae
473 3397 685 3484 coniectura,
710 3421 753 3464 ex
777 3421 846 3485 quo
863 3399 1043 3466 Parisinus
1067 3399 1212 3465 emissus
1236 3403 1298 3482 est,

123 3505 250 3571 falsam
281 3527 317 3570 se
348 3499 544 3592 praestitit;
581 3506 648 3571 hoc
679 3505 773 3570 enim
803 3529 847 3570 ex
877 3505 967 3572 libro
997 3505 1232 3572 Theodosium
1264 3511 1299 3570 et

125 3611 322 3699 Cynegium
349 3619 434 3676 tunc
467 3613 628 3678 consules
662 3612 771 3678 fuisse
803 3619 961 3701 apparet,
992 3635 1079 3699 quos
1109 3634 1201 3678 anno
1233 3611 1299 3676 388

124 3717 345 3785 consulatum
370 3717 630 3785 administrasse
662 3719 791 3786 scimus
815 3743 858 3784 ex
882 3719 985 3786 fastis
1009 3719 1260 3785 consularibus.
1272 3719 1298 3806 1)

126 3827 225 3905 Quod
260 3825 392 3912 optime
427 3825 603 3891 consentit
638 3849 716 3892 oum
753 3834 910 3914 tempore
941 3827 1035 3914 apud
1066 3827 1299 3892 Sozcmenum

124 3938 407 4015 commemorato,
425 3931 484 4019 qui
501 3932 544 3997 de
560 3933 765 4020 apocalypsi
781 3933 884 3998 Pauli
899 3933 1008 3998 verba
1026 3933 1161 3999 faciens
1177 3933 1298 3997 inven-

123 4047 196 4105 tam
213 4061 290 4105 eam
307 4060 380 4104 esse
396 4038 505 4104 refert
522 4037 579 4106 ἐπὶ
594 4037 711 4128 ταύτης
727 4041 788 4127 (sc.
802 4039 1005 4128 Theodosii)
1021 4050 1077 4128 τῆς
1091 4040 1298 4127 βασιλείαςβ)

230 4251 256 4319 1)
275 4250 314 4306 cf.
332 4251 487 4323 Baiter,
507 4251 584 4307 fasti
603 4252 717 4308 consul.
737 4253 882 4326 triumph.
900 4253 987 4310 Rom.
1006 4272 1072 4327 pag.
1092 4253 1214 4309 CXXV.

230 4341 257 4412 2)
276 4340 358 4398 Hist.
378 4342 448 4396 eccl.
467 4341 535 4411 VH,
551 4344 591 4396 19.
