3148 5108
621 431 821 496 ..29-

132 626 229 694 modi
252 625 450 692 invenimus
466 625 502 691 in
526 626 637 692 altera
654 633 764 713 parte,
789 647 895 711 quam
914 626 1098 713 designavi
1114 627 1307 714 Fragmen-

132 741 210 799 tum
234 734 516 800 Vindobonense.

240 839 306 906 His
330 840 498 906 absolutis
521 839 592 905 iam
615 839 806 923 videamus,
832 839 916 926 quid
940 840 982 904 de
1005 846 1154 929 utraque
1178 843 1308 911 codicis

134 954 236 1037 parte
261 947 306 1012 sit
330 946 566 1016 iudicandum.
602 946 654 1011 Ac
671 945 824 1034 primum
841 946 981 1032 quidem
997 948 1118 1034 paucis
1142 949 1308 1017 disseram

136 1054 179 1119 de
195 1054 422 1140 Fragmento,
447 1054 540 1139 quod
565 1052 652 1118 mihi
668 1053 852 1140 permagni
867 1052 1007 1119 videtur
1030 1077 1103 1120 esse
1122 1058 1307 1141 momenti;

134 1184 217 1226 nam
241 1183 284 1226 ex
307 1160 374 1226 hoc
391 1160 480 1226 libro
505 1159 637 1248 optime
655 1159 887 1246 cognoscitur,
912 1182 998 1247 quas
1014 1164 1307 1232 commutationes

135 1267 357 1357 apocalypsis
373 1266 567 1349 transierit3
592 1289 672 1332 cum
689 1266 782 1331 enim
805 1266 842 1331 in
866 1267 1059 1355 archetypo
1084 1270 1240 1336 narratio
1257 1271 1307 1337 ita

136 1375 305 1463 disposita
328 1373 445 1458 fuerit,
470 1380 510 1439 ut
532 1374 663 1438 Paulus
687 1374 761 1461 ipse
785 1373 902 1439 omnia
925 1373 1065 1459 referat,
1090 1375 1126 1440 in
1150 1398 1190 1442 eo
1207 1377 1307 1462 libro,

136 1482 235 1548 cuius
247 1482 500 1568 Fragmentum
516 1480 618 1546 nobis
634 1486 812 1546 servatum
829 1485 890 1564 est,
907 1479 1025 1568 potius
1042 1488 1165 1548 auctor
1176 1490 1307 1569 narrat,

136 1611 226 1675 quae
251 1587 411 1677 apostolo
435 1589 506 1654 sint
529 1586 696 1672 revelata,
720 1587 882 1672 idemque
906 1587 1102 1680 invenimus
1126 1589 1163 1653 in
1185 1589 1309 1657 formis

136 1703 298 1762 textuum
308 1695 526 1779 Latinorum,
538 1695 580 1760 de
592 1694 716 1782 quibus
726 1693 939 1760 Brandesins
950 1694 1075 1778 refert;
1089 1719 1178 1782 quae
1188 1703 1309 1763 tamen

136 1803 256 1869 insunt
278 1802 315 1867 in
339 1803 567 1889 Fragmento,
600 1823 640 1866 ea
665 1801 741 1888 ipsa
771 1799 874 1866 valde
905 1800 1020 1866 aliena
1051 1809 1132 1867 sunt
1164 1805 1207 1869 ab
1239 1804 1309 1872 illis

137 1910 245 1994 libris,
269 1932 353 1974 nam
378 1909 496 1975 omnia
520 1909 593 1973 fere
618 1909 663 1973 ad
687 1906 919 1995 archetypum
941 1907 1130 1996 pertinent,
1159 1911 1310 1997 quaein

136 2017 353 2104 Fragmento
377 2014 642 2083 Vindobonensi
666 2020 817 2080 exstant.
865 2014 965 2093 Quod
994 2015 1038 2081 ad
1069 2016 1309 2084 demonstran·

137 2125 221 2189 dum
244 2122 416 2212 optimum
440 2123 529 2188 duco
555 2121 854 2214 comparationem
879 2121 1061 2188 instituere
1092 2123 1184 2189 inter
1215 2125 1309 2190 hunc

136 2231 265 2297 librum
288 2237 325 2296 et
347 2229 556 2297 Parisinum.
605 2228 740 2313 Omnia,
773 2250 861 2315 quae
892 2228 929 2293 in
959 2228 1056 2296 libris
1086 2253 1158 2296 non
1189 2232 1310 2297 decur-

137 2337 221 2404 tatis
245 2338 290 2403 ab
314 2336 415 2404 initio
439 2359 548 2422 usque
573 2337 618 2401 ad
641 2335 752 2400 finem
775 2335 849 2400 fere
874 2357 950 2421 cap.
978 2336 1087 2402 XVII
1109 2345 1309 2423 narrantur,

138 2445 174 2533 in
197 2443 257 2510 illo
280 2444 371 2510 libro
400 2442 589 2532 perierunt.
636 2442 789 2508 Parvula
819 2447 958 2507 tantum
989 2465 1069 2530 pars
1097 2445 1310 2512 narrationis

137 2552 180 2617 de
197 2551 488 2617 condemnatione
505 2549 701 2638 peccatoris
725 2547 902 2616 exhibitae
926 2549 962 2614 in
978 2550 1193 2638 Fragmento
1210 2554 1309 2627 resti-

138 2657 193 2725 tit.
240 2658 317 2723 Iam
351 2679 435 2723 vero
466 2663 590 2723 auctor
619 2655 722 2722 huius
752 2655 833 2721 libri
863 2656 995 2741 omisit,
1027 2680 1116 2745 quae
1145 2659 1182 2724 in
1213 2659 1310 2726 libris

137 2765 251 2853 plenis
275 2787 351 2852 cap.
374 2764 501 2831 XVIII
525 2769 675 2847 exstant,
700 2784 769 2849 quo
792 2770 957 2828 narratur
981 2763 1114 2830 animas
1140 2768 1308 2853 quasdam

138 2894 210 2937 esse
227 2873 419 2955 arcessitos,
437 2877 476 2936 ut
493 2876 699 2936 accusarent
715 2868 868 2934 animam
884 2868 1038 2957 impiam.
1072 2871 1168 2949 Quae
1185 2873 1309 2939 deinde

138 2989 347 3066 sequuntur,
379 2977 463 3043 satis
494 2977 719 3043 consentiunt
753 2997 833 3041 cum
867 2980 968 3041 textu
1002 2976 1180 3064 Parisino,
1216 2981 1309 3066 quod

139 3084 297 3152 consulto
329 3085 437 3152 addo:
472 3084 574 3173 plura
607 3083 701 3148 enim
735 3082 881 3169 praebet
915 3082 1168 3169 Fragmentum
1204 3108 1309 3173 quam

139 3193 294 3258 Graecus
318 3198 423 3278 atque
454 3190 566 3276 magis
591 3189 770 3277 conspirat
800 3211 879 3254 cum
903 3189 1063 3256 Parisino
1094 3215 1199 3278 quam
1230 3216 1309 3260 cum

140 3299 240 3387 Syro,
272 3299 364 3385 quod
388 3297 509 3364 statim
533 3319 576 3361 ex
600 3296 863 3385 comparatione
887 3297 1082 3383 apparebit.
1129 3299 1186 3365 Sic
1216 3301 1309 3367 enim

138 3406 211 3471 fere
227 3405 345 3494 pergit
360 3405 614 3492 Fragmentum
630 3403 886 3469 narrationem:
913 3403 1103 3490 Apostolus
1121 3405 1158 3470 in
1174 3407 1309 3473 caelum

138 3512 277 3578 ducitur
300 3511 418 3597 ibique
442 3511 539 3576 videt
566 3517 705 3597 portam
730 3531 872 3575 auream
896 3517 931 3574 et
961 3511 1104 3576 nomina
1127 3511 1308 3599 iustorum,

139 3619 288 3705 quaein
313 3617 483 3684 columnis
507 3623 589 3682 sunt
612 3617 752 3704 scripta.
799 3616 915 3705 Prope
942 3623 1082 3704 portam
1107 3619 1246 3687 obviam
1278 3622 1310 3686 ei

138 3727 285 3792 veniunt
301 3723 427 3791 Enoch
450 3730 486 3788 et
509 3724 616 3809 Elias,
641 3746 790 3810 quorum
814 3724 964 3788 alterum
987 3723 1024 3787 in
1048 3724 1182 3792 Graeco
1207 3729 1310 3794 omis-

139 3856 214 3900 sum
238 3856 311 3901 esse
333 3855 437 3920 snpra
454 3832 549 3919 (pag.
571 3831 623 3918 14)
645 3831 716 3896 iam
733 3831 988 3898 adnotavimus.
1024 3831 1159 3897 Deinde
1178 3834 1310 3902 Paulus
1329 3885 1330 3891 κ

139 3947 175 4006 et
198 3941 344 4028 angelus
367 3939 405 4004 in
429 3939 537 4004 alium
561 3938 835 4025 proficiscuntur
857 3936 984 4022 locum,
1012 3960 1201 4025 perquem
1228 3941 1311 4009 fluit

141 4047 293 4135 ,fluvius
328 4047 461 4113 lacteus
496 4052 530 4110 et
571 4045 734 4110 melleus“
772 4044 942 4132 (Brandes
976 4067 1058 4133 pag.
1088 4047 1214 4134 69.13).
1267 4049 1311 4115 Id

138 4155 254 4243 ipsum
270 4155 393 4242 magni
408 4152 495 4218 mihi
512 4174 584 4218 esse
608 4151 747 4217 videtur
766 4149 945 4234 momenti,
969 4150 1140 4236 siquidem
1159 4154 1310 4240 ,fluvius
1418 4197 1419 4202 κ

139 4263 271 4329 lacteus
295 4268 331 4327 et
354 4260 517 4326 melleus“
543 4281 657 4345 neque
680 4258 717 4323 in
734 4257 870 4323 Graeco
892 4278 1005 4343 neque
1029 4257 1066 4323 in
1082 4257 1172 4346 Syro
1196 4269 1311 4330 exstat

140 4374 442 4454 commemoratus,
466 4372 584 4432 exstat
598 4387 681 4432 vero
706 4365 743 4429 in
759 4371 861 4431 textu
875 4363 1046 4451 Parisino,
1071 4365 1131 4431 ubi
1147 4366 1310 4458 legimus:
