3148 5108
642 421 841 486 -.9-

48 603 51 606 ’
156 623 298 683 exstant
326 638 440 703 neque
466 616 503 681 in
527 615 663 682 Graeco
687 636 800 702 neque
831 614 867 680 in
891 615 1037 704 Syriaco
1067 621 1178 701 textu,
1208 623 1328 682 tamen

157 724 202 789 ad
237 723 470 812 archetypum
505 728 664 811 spectare
696 721 869 789 videntur.
916 722 1064 789 Accedit
1094 723 1186 810 quod
1217 725 1329 789 multa

155 829 285 915 insunt,
321 851 412 916 quae
441 829 494 914 iis,
529 829 589 915 qui
625 829 661 893 in
691 827 924 894 Latinitatem
953 828 1091 896 serioris
1121 828 1247 896 aetatis
1277 829 1328 895 in-

156 934 310 1021 quirunt,
335 937 438 1002 valde
461 942 544 1002 sunt
567 940 746 1023 exoptata.

263 1042 360 1121 Quae
384 1064 463 1108 oum
487 1043 537 1108 ita
561 1042 642 1126 sint,
674 1041 841 1128 quoniam
871 1048 927 1108 tot
956 1042 1180 1131 apocalypsis
1210 1049 1329 1109 textus

154 1149 247 1214 inter
270 1172 305 1214 se
330 1149 536 1214 differentes
560 1156 710 1234 exstant,
743 1149 894 1237 primum
918 1150 1059 1237 quidem
1084 1171 1211 1238 operae
1242 1149 1329 1216 mihi

154 1256 295 1322 videtur
318 1278 391 1322 esse
415 1256 566 1345 pretium
591 1257 833 1343 quaestionem
855 1257 1048 1341 instituere,
1073 1255 1133 1343 qui
1149 1263 1268 1323 textus
1284 1257 1328 1322 ad

155 1362 359 1450 primariam
394 1363 617 1451 apocalypsis
651 1363 803 1429 formam
839 1363 998 1451 proxime
1034 1363 1189 1429 accedat.
1241 1363 1328 1429 Oum

155 1491 238 1536 vero
262 1476 381 1536 textus
404 1469 535 1554 Latini,
560 1492 708 1557 quorum
733 1469 924 1536 editionem
940 1469 1132 1536 Brandesio
1153 1469 1328 1555 debemus,

155 1577 212 1641 vel
235 1576 387 1643 maxime
411 1576 624 1642 abhorreant
656 1599 676 1641 a
706 1576 858 1664 reliquis,
891 1576 1165 1663 disputationem
1196 1575 1247 1642 ita
1278 1575 1330 1641 in-

155 1682 310 1767 stituam,
334 1689 374 1749 ut
398 1683 513 1771 priore
537 1683 653 1771 capite
677 1682 805 1748 librum
829 1681 1028 1748 Parisinum
1046 1705 1125 1748 oum
1142 1683 1278 1749 Graeco
1295 1689 1331 1748 et

155 1789 244 1877 Syro
270 1811 480 1878 comparem,
512 1790 622 1856 altero
657 1788 773 1877 capite
805 1789 847 1854 de
871 1788 940 1854 illis
971 1788 1126 1854 textibus
1148 1787 1330 1855 Latinisa

154 1896 349 1963 Brandesio
373 1897 476 1962 editis
500 1919 615 1984 agam.

728 2095 757 2161 1.

262 2218 380 2284 Primo
406 2219 532 2285 obtutu
555 2225 703 2306 apparet
726 2219 900 2284 Graecum
930 2217 1059 2284 librum
1090 2218 1328 2306 angustiorem

155 2347 227 2392 esse
263 2325 427 2412 Syriaco,
466 2332 615 2412 utroque
649 2348 733 2391 vero
769 2324 966 2390 uberiorem
999 2324 1185 2410 Latinum,
1224 2347 1328 2411 quem

155 2430 339 2520 designavi
355 2431 565 2498 Parisinum.
602 2431 873 2497 Diiudioandum
891 2452 974 2518 ergo
998 2430 1099 2497 nobis
1123 2438 1185 2516 est,
1208 2437 1327 2497 utrum

155 2540 310 2604 Graecus
334 2544 452 2605 textus
477 2539 690 2627 archetypus
711 2538 766 2623 sit,
791 2538 899 2604 ceteri
914 2559 997 2604 vero
1021 2536 1101 2604 libri
1124 2561 1167 2603 ex
1182 2537 1328 2604 libidine

154 2645 387 2733 interpretum
411 2645 482 2712 sint
506 2644 612 2730 aucti,
637 2668 682 2711 an
700 2645 854 2711 Graecus
877 2644 914 2709 in
938 2645 1078 2710 brevius
1101 2644 1148 2711 sit
1170 2650 1329 2711 contrac-

155 2759 229 2836 tus,
254 2753 348 2838 quod
372 2752 400 2818 si
423 2752 475 2818 ita
491 2759 553 2836 est,
578 2774 671 2818 nova
688 2751 865 2818 suboritur
880 2751 1049 2837 quaestio,
1065 2758 1184 2818 utrum
1200 2751 1328 2817 Parisi-

154 2882 220 2925 nus
243 2859 389 2947 propius
413 2859 559 2924 accedat
583 2858 627 2923 ad
651 2858 884 2946 archetypum
916 2880 962 2923 an
985 2858 1104 2945 Syrus.
1151 2859 1202 2926 Ut
1232 2863 1328 2924 certa

154 2966 221 3033 hac
245 2965 282 3031 in
306 2987 343 3031 re
366 2965 496 3031 iudicia
520 2965 636 3031 facere
653 2966 843 3048 valeamus,
868 2964 1037 3051 quasdam
1053 2964 1148 3051 leges
1165 2970 1328 3050 statuam,

155 3072 281 3158 quibus
305 3071 485 3138 confidere
508 3071 691 3160 possimus.
737 3071 791 3136 Ao
814 3070 966 3158 primum
990 3070 1131 3159 quidem
1161 3093 1328 3159 quaeren-

156 3181 239 3245 dum
263 3185 326 3264 est,
350 3200 436 3244 num
459 3201 503 3244 ex
527 3178 754 3245 consensione
771 3177 852 3264 Syri
868 3184 904 3243 et
919 3177 1070 3244 Parisini
1093 3177 1174 3243 libri
1198 3177 1330 3266 aliquid

156 3285 242 3352 certi
265 3285 377 3373 possit
400 3284 579 3368 concludi,
610 3306 723 3372 neque
747 3284 841 3351 enim
865 3283 996 3370 licebit,
1021 3283 1049 3350 si
1073 3283 1254 3351 consensio
1278 3285 1329 3350 in-

156 3391 298 3458 venitur
320 3392 414 3457 inter
436 3398 633 3478 utrumque,
665 3414 708 3458 ex
731 3391 799 3457 hac
822 3414 860 3457 re
885 3390 1122 3476 coniecturam
1145 3391 1263 3458 facere
1287 3392 1329 3458 de

156 3498 368 3586 archetype,
400 3498 572 3587 siquidem
596 3498 747 3586 cogitari
770 3505 887 3586 potest
910 3505 1097 3585 utrumque
1124 3504 1262 3564 textum
1285 3521 1329 3564 ex

155 3605 277 3671 eodem
301 3605 420 3672 codice
448 3604 662 3694 interpolato
694 3628 767 3672 esse
800 3612 926 3672 ortum.
973 3605 1033 3690 At,
1064 3605 1094 3671 si
1124 3604 1161 3671 in
1192 3605 1328 3673 Graeco

155 3718 191 3778 et
216 3711 362 3800 Syriaco
386 3712 482 3778 locos
505 3711 715 3797 invenimus,
740 3713 800 3800 qui
823 3713 860 3777 in
884 3711 1044 3778 Parisino
1075 3734 1146 3778 non
1177 3719 1328 3798 exstant,

155 3825 261 3906 atque
284 3817 322 3883 in
346 3819 483 3885 Graeco
507 3825 543 3884 et
565 3819 736 3903 Parisin0,
762 3819 821 3906 qui
845 3818 882 3883 in
906 3818 1052 3906 Syriaco
1077 3819 1327 3904 desiderantur,

57 3997 59 4001 y
154 3931 230 3990 tum
253 3924 544 3991 verisimillimum
567 3934 621 3992 est
651 3948 770 3991 omnes
793 3924 857 3991 hos
881 3925 1018 3991 codices
1042 3948 1086 3990 ex
1109 3927 1231 3991 eodem
1254 3926 1328 3992 fere

154 4031 300 4098 fluxisse
323 4032 434 4098 fonte.
469 4032 588 4119 Atque
604 4031 764 4120 profecto
788 4054 843 4097 res
866 4031 917 4098 ita
934 4054 1008 4098 esse
1023 4030 1174 4098 videtur.
1210 4033 1328 4120 Syria-

155 4161 215 4204 cus
239 4137 332 4203 enim
355 4136 450 4204 haud
473 4139 595 4227 paucis
617 4139 705 4204 locis
729 4137 875 4204 discedit
899 4138 1072 4204 aGraeoo
1097 4144 1132 4203 et
1155 4139 1327 4226 Parisin0,

155 4246 249 4332 quod
272 4243 385 4331 primo
403 4245 530 4312 obtutu
547 4251 705 4333 apparet,
730 4244 759 4310 si
774 4244 838 4312 hos
855 4249 961 4310 testes
979 4243 1014 4309 in
1030 4245 1329 4333 comparationem

154 4351 353 4420 vocaveris:
403 4374 485 4418 nam
530 4351 721 4419 nonnullae
759 4357 878 4439 partes
924 4351 961 4417 in
1000 4350 1146 4439 Syriaco
1185 4353 1327 4422 omnino
