3148 5108
733 475 774 496 ....
810 436 852 510 cu
888 477 930 494 ..

504 641 717 724 Addcnda
743 641 902 724 lexicis
930 639 1141 727 hanniel

350 789 457 853 eccela
482 789 537 870 (ε
562 785 694 869 cacalis)
718 783 816 864 32.1;

350 895 545 980 compsallerc
566 890 620 955 28.
632 900 656 952 6.
676 899 710 972 9;

341 1005 437 1088 flacco
460 1001 571 1080 39.1a;

351 1107 512 1192 auilarcrc
534 1103 684 1190 21.n²);

349 1213 544 1282 iuscrdidcrc
566 1209 719 1296 41.2s³);

349 1323 481 1408 obquue
503 1317 615 1398 26.28;

347 1448 459 1494 recessa
481 1425 595 1505 28.1s;

348 1533 592 1619 septentrionalis
614 1528 750 1613 (subst.)
774 1530 826 1594 33.
838 1538 890 1612 363

348 1642 543 1726 superlicium
567 1641 623 1722 (ε
646 1639 857 1722 supercilium)
882 1636 979 1715 29.5;

347 1747 519 1812 umbiculus
543 1747 598 1828 (=
622 1743 797 1824 umbilicus)
822 1742 874 1807 28.
886 1750 930 1826 27,
955 1743 1007 1808 29.
1022 1754 1045 1807 1.

349 1870 540 1955 Postquam
564 1889 606 1932 ex
631 1873 731 1932 textu
755 1866 914 1932 Parisino
939 1889 1058 1932 omnes
1082 1868 1155 1934 fere
1186 1870 1282 1935 locos
1313 1879 1412 1937 nota·

241 1977 327 2045 biles
343 1976 416 2042 sive
433 1974 478 2040 ad
493 1973 727 2040 barbarismos
743 1973 817 2038 sive
834 1974 878 2038 ad
894 1974 1141 2061 metaplasmos
1158 1977 1230 2042 sive
1243 1977 1286 2041 ad
1304 1978 1412 2044 soloe-

242 2085 367 2151 cismos
385 2082 563 2170 pertinent
583 2081 875 2165 enumeravimus,
887 2087 1007 2163 restat,
1021 2089 1060 2148 ut
1072 2082 1153 2148 inde
1174 2083 1412 2150 coniecturam

241 2191 412 2257 faciamus
437 2189 478 2254 de
508 2197 675 2274 tempore,
708 2209 777 2274 quo
801 2187 873 2252 iere
902 2187 988 2253 haec
1013 2190 1236 2278 apocalypsis
1260 2213 1285 2257 s.
1310 2191 1412 2257 Pauli

240 2295 485 2386 interpretatio
510 2295 555 2360 sit
579 2300 666 2359 orta.
714 2294 760 2357 Et
783 2293 935 2381 primum
959 2294 1099 2379 quidem
1124 2296 1278 2362 animum
1303 2298 1411 2363 adea

241 2405 472 2486 attendentes,
504 2400 654 2489 quaein
679 2399 853 2488 capitibus
883 2401 925 2466 de
957 2401 1211 2489 orthographia
1243 2412 1279 2469 et
1308 2427 1411 2470 voca·

241 2512 402 2578 bulorum
433 2517 469 2573 et
498 2508 683 2573 verborum
714 2506 948 2572 declinatione
978 2507 1143 2574 exhibitis
1174 2510 1410 2596 congessimus

240 2626 275 2684 et
290 2618 354 2684 sub
371 2614 528 2702 margine
546 2636 588 2679 ex
605 2612 851 2679 Schuchardtii
868 2613 1083 2701 aliorumque
1100 2617 1409 2702 grammaticorum

239 2723 402 2813 operibus
415 2720 617 2788 collectioiis
630 2720 666 2784 in
680 2719 979 2806 comparationem
992 2722 1205 2804 vocavimus,
1222 2725 1409 2790 nonnullas

239 2830 414 2899 scribendi
453 2827 607 2894 rationes
637 2827 707 2892 iam
740 2848 827 2892 saec.
859 2827 911 2894 IV
942 2827 978 2892 in
1008 2851 1072 2893 usu
1103 2828 1208 2895 fuisse
1241 2831 1408 2916 videmus,

238 2938 406 3026 plurimas
437 2957 520 3001 vero
552 2934 596 2998 ad
626 2955 714 2998 saec.
740 2933 791 2998 VI
824 2941 1000 3020 spectare,
1032 2957 1163 3022 paucas
1194 2943 1332 3002 tantum
1364 2939 1409 3003 ad

238 3044 439 3110 inferiorem
474 3047 644 3122 aetatem,
686 3040 776 3105 unde
813 3040 1020 3106 concludere
1055 3041 1139 3106 licet
1177 3043 1409 3132 archetypum

240 3150 368 3217 codicis
392 3147 543 3215 Parisini
566 3169 654 3214 saec.
681 3147 732 3213 VI
756 3169 829 3212 esse
853 3146 1089 3235 conscriptum
1113 3156 1218 3234 atque
1243 3172 1294 3234 ea,
1320 3174 1408 3238 quae

238 3256 374 3324 serioris
391 3256 518 3322 aetatis
533 3261 615 3321 sunt
631 3253 719 3319 vitia
735 3254 914 3338 sermonis,
932 3253 1074 3320 librario
1092 3254 1158 3342 ipsi
1174 3257 1302 3322 saeculi
1319 3257 1408 3322 VIII

238 3387 311 3431 esse
350 3362 554 3444 tribuenda,
594 3359 746 3425 Parisini
781 3360 874 3424 enim
910 3360 1038 3426 codicis
1073 3361 1279 3449 scriptorem
1314 3363 1407 3430 haud

239 3471 358 3560 paucis
390 3469 474 3535 locis
505 3490 602 3534 suam
638 3466 812 3532 scribendi
842 3466 1014 3533 rationem
1052 3468 1250 3536 adhibuisse
1281 3494 1323 3536 ex
1355 3471 1407 3556 iis,

237 3601 326 3664 quae
351 3599 455 3664 supra
481 3581 575 3663 (pag.
599 3575 642 3639 41
667 3579 730 3660 sq.)
764 3574 918 3659 disserui,
951 3575 1055 3641 facile
1080 3577 1239 3644 sentitur.
1287 3578 1407 3666 Neque

346 3759 370 3823 l)
391 3754 429 3809 cf.
455 3754 487 3809 Ο.
516 3752 737 3825 Weymann,
765 3752 879 3807 Archiv
904 3752 926 3806 f.
952 3753 1003 3808 lat.
1032 3753 1195 3827 Lexikogr.
1222 3773 1251 3810 u.
1278 3757 1407 3813 Gramm.

238 3847 270 3902 Τ.
296 3845 343 3900 IX
370 3863 437 3918 pag.
465 3846 515 3898 137
536 3858 613 3910 sqq.;
640 3843 798 3908 studenter,
828 3841 907 3908 quod
932 3841 1139 3915 Weymannus
1166 3863 1232 3917 pag.
1262 3848 1311 3900 139
1337 3846 1408 3901 huic

237 3935 422 4008 Apocalypsi
436 3932 538 3988 deberi
551 3931 687 4004 putabat,
707 3930 866 3986 delendum
881 3937 936 4002 est,
956 3950 1023 3986 oum
1037 3933 1068 3986 in
1082 3932 1144 3987 cod.
1160 3939 1244 3988 extet
1256 3935 1407 3992 sludculcs.

344 4043 371 4109 2)
390 4041 532 4097 Fortasse
550 4039 659 4094 ilurcus
678 4053 760 4092 error
778 4038 895 4093 librarii
922 4045 968 4093 est
988 4056 1025 4094 ex
1043 4038 1143 4094 forma
1168 4041 1304 4110 yuudcus,
1331 4059 1408 4109 quae

237 4131 396 4202 antecedit,
416 4135 518 4198 ortus;
538 4127 577 4183 ei.
596 4144 689 4199 supra
708 4145 735 4198 p.
755 4130 799 4181 41.

344 4242 371 4305 3)
389 4238 434 4292 De
459 4237 516 4292 hoc
542 4234 634 4291 verbo
656 4232 693 4288 ci.
713 4234 802 4288 Arch.
829 4233 851 4288 f.
870 4234 921 4289 lat.
946 4234 1108 4308 Lexilrogr.
1134 4253 1162 4292 u.
1191 4236 1320 4293 Gramm.
1341 4238 1372 4293 Τ.
1393 4239 1406 4294 Ι

237 4347 304 4406 pag.
323 4329 384 4384 283.
