3148 5108
742 401 936 466 ,38-

145 679 149 686 ¹
262 595 304 661 de
328 601 554 684 peecatorum
577 594 698 683 poenis
723 595 808 682 agit.
856 595 1000 661 Ceterae
1024 600 1141 661 autem
1169 617 1235 680 res,
1266 617 1356 684 quae
1385 619 1427 663 ex

260 702 375 790 priore
400 701 624 790 apocalypsis
647 709 748 790 parte
776 708 936 790 sumptae
966 708 1063 786 sunt,
1094 701 1339 768 similitudines
1368 703 1427 769 vix

257 809 434 875 exhibent.
490 809 570 875 Huc
605 810 760 896 pertinet
794 808 901 874 etiam
937 808 1125 896 descriptio
1161 815 1426 895 tormentorum,

257 916 382 1003 quibus
406 915 590 1003 episeopus
618 915 747 1002 impius
777 914 932 1002 punitur,
963 915 1001 979 in
1032 914 1155 980 formis
1179 915 1255 1003 111)
1280 922 1316 981 et
1338 915 1426 1003 ΙΨ)

259 1021 425 1087 exhibita.
474 1022 587 1101 Quare
610 1020 698 1086 mihi
722 1027 855 1086 certum
883 1020 1023 1087 videtur
1051 1020 1138 1088 talia
1169 1042 1213 1086 ex
1244 1022 1314 1087 alio
1338 1021 1426 1089 libro

258 1150 330 1194 esse
358 1126 501 1212 hausta,
535 1127 740 1215 praesertim
768 1150 847 1193 cum
876 1127 942 1193 hae
971 1149 1026 1193 res
1057 1127 1125 1193 alio
1158 1127 1235 1194 loco
1267 1128 1304 1194 in
1334 1128 1427 1195 hisce

257 1233 380 1301 formis
404 1241 720 1301 commemorentur
744 1240 849 1321 atque
872 1234 909 1298 in
934 1233 1139 1322 archetype.
1186 1234 1310 1318 Unica,
1340 1257 1427 1321 quae

257 1342 383 1408 herum
406 1363 522 1406 rerum
545 1340 635 1406 nihil
659 1341 826 1424 continet,
851 1346 905 1406 est
927 1340 1042 1407 forma
1066 1340 1094 1425 I,
1122 1341 1215 1406 unde
1239 1340 1368 1427 colligo
1392 1341 1428 1405 in

256 1448 346 1514 libro
363 1474 384 1513 α
399 1446 488 1512 nihil
504 1447 674 1513 eiusmodi
691 1446 875 1512 exstitisse.
909 1446 1015 1512 Liber
1029 1452 1052 1531 β
1065 1469 1085 1512 a
1100 1446 1229 1513 librom
1245 1447 1427 1535 dependet,

258 1559 382 1620 auctus
406 1558 524 1619 autem
548 1559 601 1619 est
628 1552 697 1618 illis
726 1553 838 1638 rebus,
870 1575 956 1641 quas
988 1575 1031 1618 ex
1062 1553 1131 1620 alio
1164 1552 1252 1620 libro
1283 1553 1428 1620 fluxisse
1548 1603 1549 1610 .

258 1682 362 1748 supra
387 1659 551 1726 conclusi.

365 1784 565 1868 Rationem,
597 1806 686 1871 quae
716 1784 808 1850 inter
838 1783 995 1870 singulos
1026 1789 1144 1850 textus
1175 1805 1249 1850 esse
1279 1783 1429 1869 videtur,
1548 1835 1549 1850 .

257 1890 325 1957 hoe
348 1897 531 1958 stemmate
555 1889 820 1957 illustraverim:
1010 1901 1011 1904 ’

643 2665 899 2731 ΙΙΠΙ

754 2753 915 2857 ,Γ

256 2960 290 3025 Α
306 2959 487 3047 signifieat
507 2958 749 3046 archetypum,
767 2958 795 3022 P
812 2964 950 3023 textum
965 2957 1177 3043 Parisinum,
1193 2957 1224 3023 F
1240 2957 1432 3044 Fragmen-

257 3073 333 3132 tum
350 3066 632 3150 Vindobonense,
649 3088 680 3150 a,
697 3092 727 3149 c,
744 3063 886 3150 dlihros
902 3063 1049 3131 Latinos
1067 3062 1276 3151 deperditos,
1293 3063 1431 3130 numeri

257 3171 411 3239 Romani
434 3179 596 3238 textuum
621 3172 881 3238 decurtatorum
904 3171 1046 3240 formas.

362 3297 439 3363 Iam
454 3296 662 3364 utbreviter
678 3317 849 3362 summam
866 3295 1039 3363 faciamus
1051 3294 1155 3361 huius
1172 3283 1430 3384 disputationis,

257 3405 299 3470 de
322 3403 478 3471 textibus
502 3402 725 3491 apocalypsis
749 3426 774 3472 s.
798 3402 903 3468 Pauli
926 3402 1012 3468 haec
1037 3408 1119 3469 sunt
1142 3401 1346 3469 statuenda:

362 3529 390 3595 I.
416 3528 549 3595 Textus
573 3527 752 3594 Parisinus
776 3527 934 3616 proxime
959 3528 1095 3594 accedit
1126 3528 1170 3593 ad
1202 3526 1331 3594 librum
1360 3526 1430 3616 pri·

255 3634 415 3723 marium,
440 3634 600 3722 quamvis
617 3636 708 3701 mele
732 3635 910 3701 interdum
933 3633 1108 3724 interpres
1128 3633 1262 3700 Graeca
1285 3633 1432 3700 verterit

255 3742 373 3809 verba.

361 3850 408 3916 II.
434 3849 565 3915 Textus
582 3848 719 3936 Syriaci
743 3870 863 3915 veram
887 3848 1072 3938 archetypi
1095 3848 1249 3937 formam
1271 3869 1344 3914 non
1360 3870 1430 3914 ser·

254 3963 437 4024 voverunt.
484 3956 662 4022 Nonnulla
694 3955 787 4021 enim
818 3956 935 4044 capita
970 3955 1007 4021 in
1038 3955 1080 4021 iis
1114 3954 1258 4022 omnino
1292 3956 1429 4042 desunt,

254 4063 324 4128 alia
350 4065 394 4130 ab
417 4062 668 4150 interpretibus
693 4085 736 4128 ex
760 4062 905 4128 libidine
930 4068 1012 4129 sunt
1035 4068 1183 4128 mutata.

362 4260 388 4327 1)
406 4256 585 4312 Brandes
605 4257 624 4311 1.
642 4257 661 4314 l.
681 4274 748 4329 pag.
769 4257 803 4312 28
817 4273 860 4324 sq.

361 4344 661 4420 2)Brandes1.1.
682 4347 813 4418 peg.36.
