3148 5108
739 439 933 506 „34-

417 663 498 728 pag.
522 639 576 708 67.
587 655 614 710 2.

250 748 382 816 Paulus
405 747 508 814 flevit
531 752 566 813 et
589 745 694 812 dixit:
728 746 781 813 Va
809 743 817 760 ⁸

250 879 294 922 ve
317 879 361 922 ve
384 853 627 943 peecatoribus
658 859 699 919 ut
723 851 782 941 qui

281 962 357 1030 nati
381 963 486 1029 sunt?
520 961 568 1026 Et
592 959 754 1048 angelus:

252 1070 344 1150 Quid
367 1069 495 1158 ploras,
518 1067 650 1133 Paule?
688 1066 783 1133 Non·

253 1179 336 1243 dum
348 1175 468 1244 vidisti
483 1175 617 1242 maiora
634 1173 688 1240 his
705 1194 783 1261 sup·

381 1283 488 1373 plioia
511 1281 654 1371 sepcies,

422 1806 504 1871 pag.
528 1782 618 1849 67.5.

254 1891 302 1957 Et
339 1889 423 1956 tulit
457 1912 536 1956 eum
570 1889 615 1955 ad
650 1895 786 1975 septen-

254 1997 404 2065 trionem
416 2019 521 2084 super
531 2002 676 2084 puteum
692 1992 787 2081 sigil-

254 2104 366 2172 latum
383 2102 601 2191 sigillisVII.
634 2101 682 2167 Et
697 2100 787 2167 dixit

440 2209 603 2297 angelus:

255 2318 355 2385 Vade
382 2318 503 2404 longe,
528 2316 557 2383 si
580 2337 652 2384 non
675 2313 787 2404 possis

255 2425 426 2491 sustinere
449 2424 598 2490 fetorem
621 2422 700 2489 loei.
739 2421 788 2487 Et

257 2536 417 2620 apertum
449 2536 502 2596 est
533 2551 570 2595 os
602 2529 717 2617 putei,
753 2534 788 2593 et

257 2637 409 2704 surrexit
425 2636 567 2725 quidam
578 2635 673 2702 fetor
688 2657 788 2723 supe-

338 2766 420 2810 rans
444 2765 564 2811 omnes
586 2764 705 2831 penas.

412 3140 494 3207 pag.
518 3118 571 3184 67.
581 3125 625 3184 24.

258 3225 359 3290 Flete
383 3232 418 3290 et
441 3224 536 3291 flebo
553 3223 734 3291 vobiscum
754 3229 789 3288 et

259 3355 378 3399 omnes
414 3331 532 3417 angeli
566 3331 622 3396 dei
652 3351 789 3396 meeum

317 3447 353 3504 et
376 3438 506 3504 Paulus
529 3436 722 3528 nobiseum.

413 3727 494 3794 pag.
519 3704 572 3773 67.
581 3713 626 3770 31.

260 3813 344 3880 Plus
369 3818 421 3878 est
443 3811 545 3878 nobis
566 3809 788 3897 refrigerium

258 3920 351 3987 istud
382 3940 488 4006 quam
520 3939 622 3984 omne
651 3923 789 4004 tempus

410 4026 483 4093 vite
507 4031 636 4091 nostre.

1048 657 1129 722 pag.
1153 635 1261 706 33.28.

889 742 937 808 Et
961 744 1139 832 suspirans
1162 747 1250 814 flavi
1274 754 1310 814 et
1333 747 1430 813 dixi:

890 849 942 916 Ve
953 849 1163 940 hominibus,
1176 877 1220 922 ve
1230 853 1432 942 peecatori-

890 957 965 1043 bus,
990 958 1035 1025 ob
1058 959 1117 1047 qui
1139 960 1215 1026 nati
1239 962 1343 1028 sunt?
1375 961 1441 1026 Ee

890 1066 1104 1153 respondens
1122 1069 1270 1156 angelus
1287 1075 1322 1134 et
1333 1067 1431 1134 dixit

1103 1173 1208 1240 mihi:

892 1279 1007 1358 Quare
1038 1280 1178 1368 ploras?
1208 1333 1215 1349 .
1241 1332 1248 1348 .
1275 1332 1282 1348 .
1308 1333 1315 1348 .
1344 1303 1430 1349 oum

893 1388 982 1454 adue
1014 1388 1163 1455 neodum
1196 1388 1325 1457 videris
1351 1411 1430 1456 ma-

892 1494 968 1562 iora
992 1495 1188 1584 supplicia?
1207 1547 1214 1563 .
1233 1547 1239 1563 .
1258 1547 1265 1563 .
1290 1495 1431 1563 videbis

953 1623 1052 1668 orum
1075 1602 1208 1670 maiora
1232 1602 1370 1691 septies.

1053 1785 1135 1852 pag.
1159 1765 1266 1830 33.35.

894 1889 942 1955 Et
971 1888 1055 1955 tulit
1082 1910 1138 1954 me
1167 1911 1187 1955 a
1219 1887 1430 1976 septentrio-

893 1997 974 2061 nale
1009 2003 1045 2062 et
1079 1988 1204 2062 statuit
1237 2017 1293 2061 me
1323 2017 1432 2083 super

894 2109 1064 2192 puteum.
1087 2152 1094 2168 .
1118 2153 1125 2169 .
1149 2101 1329 2190 signatum
1351 2124 1430 2189 sep-

894 2216 965 2275 tem
991 2208 1180 2296 signaculis
1198 2259 1205 2274 .
1225 2260 1232 2276 .
1250 2260 1257 2276 .
1274 2208 1322 2274 Et
1338 2207 1430 2274 dixit

1024 2315 1113 2382 mihi
1136 2315 1298 2402 angelus:

896 2423 1020 2511 Longe
1043 2429 1108 2507 sta,
1138 2429 1179 2489 ut
1208 2422 1327 2488 valeas
1356 2443 1430 2488 sus-

895 2529 1008 2595 tinere
1039 2529 1189 2597 fetorem
1217 2527 1287 2595 loci
1317 2527 1430 2595 istius.

896 2637 984 2702 Cum
1016 2658 1099 2724 ergo
1133 2641 1275 2725 apertus
1305 2635 1432 2701 fnisset

896 2750 1033 2833 puteus,
1057 2742 1177 2810 statim
1205 2742 1355 2810 surrexit
1386 2764 1432 2807 ex

897 2873 938 2917 eo
971 2850 1065 2918 fetor
1095 2849 1238 2938 quidam
1263 2900 1270 2917 .
1298 2901 1304 2916 .
1331 2899 1338 2915 .
1370 2848 1432 2937 qui

931 2963 1112 3045 superaret
1134 2978 1254 3025 omnes
1276 2977 1395 3044 penas.

1057 3140 1139 3206 pag.
1163 3119 1216 3185 35.
1226 3127 1270 3184 21.

898 3226 997 3292 Tune
1011 3232 1129 3292 autem
1139 3226 1225 3291 flete
1236 3232 1272 3291 et
1282 3247 1347 3311 ego
1359 3226 1431 3292 fleo

899 3332 1097 3416 vobiscum,
1131 3339 1166 3397 et
1201 3331 1261 3421 qui
1295 3353 1432 3397 meeum

898 3445 981 3504 sunt
1004 3439 1123 3526 angeli
1146 3438 1259 3504 sanati
1284 3461 1363 3504 oum
1382 3439 1432 3504 di·

957 3545 1186 3613 lectissimum
1209 3547 1370 3612 Paulum.

1059 3729 1140 3794 pag.
1165 3706 1219 3774 36.
1229 3714 1273 3773 22.

899 3811 1023 3878 Melius
1043 3819 1120 3881 est.
1139 3863 1146 3878 .
1169 3812 1269 3879 nobis
1287 3811 1434 3899 refrige-
1570 3857 1571 3904 3

899 3918 990 3985 rium
1015 3919 1071 3985 dio
1095 3918 1172 3987 uius
1196 3942 1300 4008 snper
1329 3941 1433 4006 omne

958 4032 1097 4114 tempus
1120 4026 1193 4092 vite
1217 4034 1368 4094 nostrae.

365 4171 421 4236 Ex
456 4170 522 4237 hae
557 4175 720 4234 textuum
756 4169 1018 4259 comparatione
1054 4177 1202 4260 apparet
1235 4171 1434 4238 Parisinum

258 4278 394 4346 fontem
424 4277 532 4343 fuisse
559 4275 662 4343 huius
695 4276 842 4362 formae,
873 4277 947 4344 sive
977 4277 1158 4344 Parisinus
1191 4278 1266 4366 ipse
1297 4279 1435 4346 auotori
1570 4321 1571 4348 :

258 4392 398 4476 praesto
422 4383 491 4450 fuit
514 4382 587 4449 sive
612 4381 701 4448 alius
724 4388 843 4450 textus
867 4406 910 4450 ox
933 4382 994 4451 illo
1019 4382 1108 4452 libro
1131 4386 1299 4474 pendens.
