3148 5108
737 398 934 465 -26...

250 592 415 677 Himmel,
440 594 501 659 der
518 594 645 659 andere
662 593 717 658 die
734 593 838 659 Hono
862 571 1039 661 schildert.
1075 594 1174 661 Sieht
1197 595 1244 660 im
1262 594 1425 682 Original

250 700 311 765 der
325 698 474 786 Apostel
497 699 581 766 aber
604 706 674 766 erst
698 700 764 765 den
780 700 936 766 Himmel
958 701 1030 766 und
1054 701 1209 767 darnach
1234 701 1289 767 dic
1305 703 1423 786 Hdlle,

249 829 286 872 so
322 806 368 872 ist
402 806 479 872 hier
513 807 591 872 dem
627 829 764 894 ganzen
798 807 1208 895 Entwickelungsgange
1239 808 1301 874 der
1323 807 1423 874 Visio

249 913 504 1000 entsprechcnd
540 913 595 979 die
631 913 865 1001 Reihenfolge
900 914 1111 1002 umgelrehrt
1144 916 1215 980 und
1257 916 1317 981 der
1350 913 1423 982 Ab·

249 1019 390 1104 schnitt,
424 1020 485 1086 der
508 1021 569 1087 das
599 1021 743 1108 grdssere
767 1021 937 1087 Interesse
969 1021 1151 1105 erweckte,
1182 1021 1220 1087 in
1244 1022 1311 1088 den
1335 1021 1423 1088 Vor-

250 1127 427 1214 dergrund
451 1127 602 1215 gestellt.
649 1127 704 1192 Da
735 1127 810 1193 sich
840 1126 895 1193 die
920 1128 1081 1194 Vorliebe
1112 1128 1171 1194 des
1201 1127 1333 1194 Autors
1364 1128 1423 1194 fiir

249 1233 368 1299 diesen
402 1233 479 1300 Tell
514 1235 605 1301 auch
640 1234 678 1299 in
712 1235 773 1300 der
807 1233 1040 1320 sorgfttltigen
1076 1234 1422 1322 Beriicksichtigung

248 1362 320 1407 von
335 1340 580 1407 Einzelheiten
604 1346 733 1425 verrat,
759 1340 925 1407 wahrend
949 1363 986 1406 er
1009 1341 1047 1405 in
1064 1342 1142 1407 dem
1159 1341 1309 1408 zweiten
1325 1341 1422 1407 Teile

249 1470 295 1513 an
318 1446 426 1542 ihnen
449 1447 575 1534 haufig
605 1447 740 1514 achtlos
769 1447 1016 1534 vcriibergeht,
1048 1469 1085 1514 so
1118 1447 1232 1514 erhalt
1256 1448 1311 1513 die
1335 1447 1423 1514 Dar-

250 1552 405 1640 stellung
428 1553 489 1618 der
512 1553 645 1619 lichten
668 1553 813 1620 Paroien
837 1554 896 1620 des
920 1553 1073 1621 Jenseits
1105 1553 1214 1620 schon
1244 1554 1282 1619 in
1312 1554 1423 1620 dieser

249 1661 310 1725 der
346 1659 478 1746 griech.
513 1660 743 1750 Apokalypse
778 1683 835 1726 am
869 1661 1018 1726 meisten
1052 1660 1279 1727 verwandten
1314 1660 1422 1727 Bear-

248 1765 397 1854 beitung
420 1767 475 1833 die
499 1767 711 1855 Bcdeutung
735 1768 794 1833 des
816 1766 1152 1845 Nebcnsdchlichen,
1176 1768 1243 1833 den
1268 1767 1423 1834 Charak-

248 1879 303 1939 ter
338 1873 433 1944 eines
468 1872 671 1961 Anhanges.
720 1874 820 1940 Wird
855 1875 938 1940 aber
973 1873 1100 1940 bereits
1134 1873 1211 1940 hier
1245 1875 1306 1940 der
1340 1896 1423 1940 vom

249 1979 405 2045 Himmel
436 1980 635 2047 handelnde
667 1981 859 2048 Abschnitt
890 1981 1001 2068 vdllig
1032 1981 1350 2068 zuriickgedrtngt,
1384 2003 1422 2046 so

248 2087 345 2152 kann
370 2110 406 2153 es
429 2109 495 2153 uns
518 2088 618 2154 nicht
641 2088 823 2173 auffallen,
848 2090 926 2155 dass
950 2088 1012 2153 ihn
1036 2088 1092 2154 die
1115 2088 1266 2175 librigen
1281 2088 1421 2153 Redak-

248 2193 370 2260 tionen
394 2193 594 2282 uberhaupt
618 2195 835 2260 ausstossen.“
877 2194 929 2260 De
954 2194 1020 2260 hoo
1044 2194 1174 2261 iudicio
1197 2194 1280 2281 quid
1305 2193 1423 2260 existi-

248 2302 415 2367 mandum
446 2301 502 2385 sit,
532 2301 638 2367 facile
667 2308 877 2386 statuemm,
908 2301 939 2367 si
967 2307 1105 2366 textum
1137 2300 1266 2367 codicis
1291 2300 1423 2369 Vindo-

249 2407 412 2473 bonensis
436 2415 599 2474 accurate
623 2408 957 2496 perlustraverimus.
994 2406 1112 2474 Primo
1129 2407 1206 2473 loco
1223 2407 1272 2473 ibi
1288 2429 1423 2495 poenae

249 2520 474 2601 peccatorum
506 2521 730 2598 enarrantur;
762 2536 851 2600 quae
883 2523 1070 2602 postquam
1102 2515 1297 2602 descriptae
1328 2520 1419 2598 sunt,

248 2619 408 2687 homines
432 2620 674 2705 admonentur,
698 2628 739 2686 ut
755 2621 851 2687 omni
866 2628 1012 2708 peccato
1038 2620 1248 2706 abstineant,
1273 2643 1317 2686 ne
1341 2620 1421 2686 mit-

248 2733 371 2793 tantur
404 2727 442 2792 in
476 2727 664 2793 infernum.
711 2727 847 2793 Deinde
882 2727 956 2794 sine
989 2728 1105 2815 capite
1141 2735 1246 2814 atque
1277 2727 1420 2793 exordio

248 2833 373 2922 incipit
397 2835 466 2900 alia
491 2834 713 2922 apocalypsis
736 2857 827 2922 pars,
853 2857 942 2921 quae
967 2834 1117 2900 inlibris
1140 2856 1211 2900 non
1229 2833 1421 2899 decurtatis

247 2948 502 3008 tormentorum
542 2940 769 3029 descriptioni
808 2941 1002 3025 antecedit,
1042 2947 1078 3006 et
1117 2940 1257 3027 quidem
1292 2939 1420 3024 omnia,

248 3071 338 3136 quae
370 3049 407 3113 in
437 3048 535 3114 libris
567 3048 679 3136 plenis
708 3035 790 3113 inde
821 3070 841 3112 a
871 3048 944 3113 fine
976 3070 1052 3135 cap.
1085 3047 1194 3114 XVII
1229 3070 1338 3134 usque
1376 3047 1420 3112 ad

249 3179 324 3244 cap.
356 3155 541 3222 XXXVII
571 3155 798 3240 exhibentur,
830 3155 867 3220 in
898 3155 965 3221 hac
994 3160 1094 3243 parte
1125 3154 1257 3221 codicis
1289 3153 1421 3222 Vindo-

248 3262 410 3329 bonensis
445 3262 683 3328 inveniuntur.
730 3262 817 3327 Pars
852 3284 953 3348 ergo,
990 3283 1058 3350 qua
1093 3268 1319 3350 peccatorum
1350 3267 1421 3326 tor-

248 3374 368 3436 menta
392 3376 651 3454 enumerantur,
683 3369 810 3434 iterata
841 3375 894 3434 est
924 3375 959 3433 ct
982 3368 1036 3434 bis
1067 3368 1208 3457 scripta,
1240 3390 1319 3434 oum
1350 3367 1421 3432 iam

248 3478 286 3542 in
309 3477 411 3544 initio
436 3476 566 3544 codicis
590 3475 871 3543 Vindoboncnsis
902 3482 1024 3542 exstet.
1072 3476 1148 3541 Iam
1179 3497 1262 3543 vero
1291 3497 1420 3562 magna

248 3585 394 3650 interest
418 3583 621 3649 differentia
646 3583 739 3648 inter
754 3582 904 3671 primam
929 3589 964 3648 et
987 3583 1148 3648 ultimam
1165 3589 1302 3671 partem
1318 3580 1420 3647 huius

147 3749 149 3756 s
248 3690 386 3759 codicis.
434 3691 521 3757 Cum
546 3690 638 3756 enim
671 3689 847 3778 inpriore
878 3697 978 3778 parte
1010 3689 1197 3778 descriptio
1229 3709 1421 3776 poenarum

247 3798 350 3865 valde
382 3799 568 3864 abhorreat
599 3821 619 3864 a
650 3797 805 3863 textibus
838 3819 911 3862 non
941 3796 1149 3880 decurtatis,
1181 3819 1233 3880 ea,
1265 3818 1354 3882 quae
1384 3794 1420 3859 in

247 3906 320 3971 fine
348 3904 477 3972 codicis
501 3905 640 3991 legitur,
672 3926 781 3993 prope
805 3903 941 3970 accedit
965 3904 1009 3968 ad
1031 3902 1109 3968 illos
1139 3902 1257 3968 libros.
1306 3901 1419 3980 Quam
1538 3992 1542 4004 λ

246 4012 408 4078 ultimam
431 4018 585 4099 partem,
618 4034 707 4098 quac
731 4033 812 4098 pag.
837 4012 880 4077 95
897 4033 946 4097 sq.
978 4008 1173 4092 invenitur,
1208 4007 1420 4074 Brandesius

248 4119 418 4185 disiunxit
441 4119 485 4184 ab
510 4118 674 4202 editione,
700 4140 779 4182 cum
795 4116 885 4181 nihil
901 4117 995 4181 aliud
1014 4115 1194 4181 contineat
1210 4115 1277 4181 nisi
1294 4115 1420 4203 prioris

248 4225 358 4314 partis
383 4226 537 4292 eiusdem
560 4224 641 4290 libri
672 4223 910 4289 narrationem
942 4223 1140 4289 accuratius
1174 4222 1418 4310 conscriptam.

247 4332 364 4424 Atque
390 4334 434 4398 ad
457 4331 549 4397 hanc
571 4330 819 4424 repetitionem
842 4328 1040 4400 mirabilem
1063 4329 1309 4424 explicandam
1333 4328 1420 4396 haec
